# VS
@article{Pineda2004,
author = {Pineda, Oriol and Farr\`{a}s, Jaume and Maccari, Laura and Manetti, Fabrizio and Botta, Maurizio and Vilarrasa, Jaume},
issn = {0960-894X},
journal = {Bioorg. Med. Chem. Lett.},
month = oct,
number = {19},
pages = {4825--9},
pmid = {15341932},
title = {{Computational comparison of microtubule-stabilising agents laulimalide and peloruside with taxol and colchicine.}},
url = {http://www.ncbi.nlm.nih.gov/pubmed/15341932},
volume = {14},
year = {2004}
}
@article{Orr2003,
author = {Orr, George A. and Verdier-Pinard, Pascal and McDaid, Hayley and Horwitz, Susan Band},
doi = {10.1038/sj.onc.1206934},
issn = {0950-9232},
journal = {Oncogene},
month = oct,
number = {47},
pages = {7280--95},
pmid = {14576838},
title = {{Mechanisms of Taxol resistance related to microtubules.}},
url = {http://www.ncbi.nlm.nih.gov/pubmed/14576838},
volume = {22},
year = {2003}
}
@article{Natarajan2012,
author = {Natarajan, Kathiresan and Senapati, Sanjib},
doi = {10.1371/journal.pone.0042351},
issn = {1932-6203},
journal = {PLoS ONE},
month = jan,
number = {8},
pages = {e42351},
pmid = {22879949},
title = {{Understanding the Basis of Drug Resistance of the Mutants of $\alpha$$\beta$-Tubulin Dimer via Molecular Dynamics Simulations.}},
url = {http://www.ncbi.nlm.nih.gov/pubmed/22879949},
volume = {7},
year = {2012}
}
@article{Singla2002,
author = {Singla, Anil K. and Garg, Alka and Aggarwal, Deepika},
issn = {0378-5173},
journal = {Int. J. Pharm.},
month = mar,
number = {1–2},
pages = {179--192},
title = {{Paclitaxel and its formulations}},
url = {http://www.sciencedirect.com/science/article/pii/S0378517301009863},
volume = {235},
year = {2002}
}
@article{Hopper-Borge2009,
author = {Hopper-Borge, Elizabeth and Xu, Xiu and Shen, Tong and Shi, Zhi and Chen, Zhe-Sheng and Kruh, Gary D.},
doi = {10.1158/0008-5472.CAN-08-1420},
issn = {1538-7445},
journal = {Cancer Res.},
month = jan,
number = {1},
pages = {178--84},
pmid = {19118001},
title = {{Human multidrug resistance protein 7 (ABCC10) is a resistance factor for nucleoside analogues and epothilone B.}},
url = {http://www.pubmedcentral.nih.gov/articlerender.fcgi?artid=2745904\&tool=pmcentrez\&rendertype=abstract},
volume = {69},
year = {2009}
}
@article{Ojima1999,
author = {Ojima, Iowa and Chakravarty, Subrata and Inoue, Tadashi and Lin, Songnian and He, Lifeng and Horwitz, Susan B. and Kuduk, Scott D. and Danishefsky, Samuel J.},
issn = {0027-8424},
journal = {Proc. Natl. Acad. Sci. USA},
month = apr,
number = {8},
pages = {4256--61},
pmid = {10200249},
title = {{A common pharmacophore for cytotoxic natural products that stabilize microtubules.}},
url = {http://www.pubmedcentral.nih.gov/articlerender.fcgi?artid=16319\&tool=pmcentrez\&rendertype=abstract},
volume = {96},
year = {1999}
}
@article{He2000,
author = {He, L. and Jagtap, P. G. and Kingston, D. G. and Shen, H. J. and Orr, G. A. and Horwitz, S. B.},
issn = {0006-2960},
journal = {Biochemistry},
month = apr,
number = {14},
pages = {3972--8},
pmid = {10747785},
title = {{A common pharmacophore for Taxol and the epothilones based on the biological activity of a taxane molecule lacking a C-13 side chain.}},
url = {http://www.ncbi.nlm.nih.gov/pubmed/10747785},
volume = {39},
year = {2000}
}
@article{Giannakakou2000,
author = {Giannakakou, P. and Gussio, R. and Nogales, E. and Downing, K. H. and Zaharevitz, D. and Bollbuck, B. and Poy, G. and Sackett, D. and Nicolaou, K. C. and Fojo, T.},
doi = {10.1073/pnas.040546297},
issn = {0027-8424},
journal = {Proc. Natl. Acad. Sci. USA},
month = mar,
number = {6},
pages = {2904--9},
pmid = {10688884},
title = {{A common pharmacophore for epothilone and taxanes: molecular basis for drug resistance conferred by tubulin mutations in human cancer cells.}},
url = {http://www.pubmedcentral.nih.gov/articlerender.fcgi?artid=16028\&tool=pmcentrez\&rendertype=abstract},
volume = {97},
year = {2000}
}
@article{Morris2009,
author = {Morris, Garrett M. and Huey, Ruth and Lindstrom, William and Sanner, Michel F. and Belew, Richard K. and Goodsell, David S. and Olson, Arthur J.},
issn = {1096-987X},
journal = {J. Comput. Chem.},
number = {16},
pages = {2785--2791},
publisher = {Wiley Subscription Services, Inc., A Wiley Company},
title = {{AutoDock4 and AutoDockTools4: Automated docking with selective receptor flexibility}},
url = {http://dx.doi.org/10.1002/jcc.21256},
volume = {30},
year = {2009}
}
@article{Schiff1979,
annote = {10.1038/277665a0},
author = {Schiff, Peter B. and Fant, Jane and Horwitz, Susan B.},
journal = {Nature},
month = feb,
number = {5698},
pages = {665--667},
title = {{Promotion of microtubule assembly in vitro by taxol}},
url = {http://dx.doi.org/10.1038/277665a0},
volume = {277},
year = {1979}
}
@article{Hanwell2012,
author = {Hanwell, Marcus D. and Curtis, Donald E. and Lonie, David C. and Vandermeersch, Tim and Zurek, Eva and Hutchison, Geoffrey R.},
doi = {10.1186/1758-2946-4-17},
issn = {1758-2946},
journal = {J. Cheminform.},
month = aug,
number = {1},
pages = {17},
pmid = {22889332},
title = {{Avogadro: An advanced semantic chemical editor, visualization, and analysis platform.}},
url = {http://www.ncbi.nlm.nih.gov/pubmed/22889332},
volume = {4},
year = {2012}
}
@article{Kollman2000,
annote = {doi: 10.1021/ar000033j},
author = {Kollman, Peter A. and Massova, Irina and Reyes, Carolina and Kuhn, Bernd and Huo, Shuanghong and Chong, Lillian and Lee, Matthew and Lee, Taisung and Duan, Yong and Wang, Wei and Donini, Oreola and Cieplak, Piotr and Srinivasan, Jaysharee and Case, David A. and Cheatham, Thomas E.},
doi = {10.1021/ar000033j},
issn = {0001-4842},
journal = {Acc. Chem. Res.},
month = oct,
number = {12},
pages = {889--897},
publisher = {American Chemical Society},
title = {{Calculating Structures and Free Energies of Complex Molecules: Combining Molecular Mechanics and Continuum Models}},
url = {http://dx.doi.org/10.1021/ar000033j},
volume = {33},
year = {2000}
}
@article{Nettles2004,
author = {Nettles, James H. and Li, Huilin and Cornett, Ben and Krahn, Joseph M. and Snyder, James P. and Downing, Kenneth H.},
doi = {10.1126/science.1099190},
journal = {Science},
month = aug,
number = {5685},
pages = {866--869},
title = {{The Binding Mode of Epothilone A on $\alpha$,$\beta$-Tubulin by Electron Crystallography}},
url = {http://www.sciencemag.org/content/305/5685/866.abstract},
volume = {305},
year = {2004}
}
@article{Wang2004,
author = {Wang, Junmei and Wolf, Romain M. and Caldwell, James W. and Kollman, Peter A. and Case, David A.},
doi = {10.1002/jcc.20035},
issn = {0192-8651},
journal = {J. Comput. Chem.},
month = jul,
number = {9},
pages = {1157--74},
pmid = {15116359},
title = {{Development and testing of a general amber force field.}},
url = {http://www.ncbi.nlm.nih.gov/pubmed/15116359},
volume = {25},
year = {2004}
}
@article{Jakalian2002,
author = {Jakalian, Araz and Jack, David B. and Bayly, Christopher I.},
doi = {10.1002/jcc.10128},
issn = {0192-8651},
journal = {J. Comput. Chem.},
month = dec,
number = {16},
pages = {1623--41},
pmid = {12395429},
title = {{Fast, efficient generation of high-quality atomic charges. AM1-BCC model: II. Parameterization and validation.}},
url = {http://www.ncbi.nlm.nih.gov/pubmed/12395429},
volume = {23},
year = {2002}
}
@article{Hornak2006,
author = {Hornak, Viktor and Abel, Robert and Okur, Asim and Strockbine, Bentley and Roitberg, Adrian and Simmerling, Carlos},
doi = {10.1002/prot.21123},
issn = {1097-0134},
journal = {Proteins: Struct., Funct., Bioinf.},
month = nov,
number = {3},
pages = {712--725},
publisher = {Wiley Subscription Services, Inc., A Wiley Company},
title = {{Comparison of multiple Amber force fields and development of improved protein backbone parameters}},
url = {http://dx.doi.org/10.1002/prot.21123},
volume = {65},
year = {2006}
}
@article{Buey2005,
author = {Buey, Rub\'{e}n M. and Barasoain, Isabel and Jackson, Evelyn and Meyer, Arndt and Giannakakou, Paraskevi and Paterson, Ian and Mooberry, Susan and Andreu, Jos\'{e} M. and D\'{\i}az, J. Fernando},
doi = {10.1016/j.chembiol.2005.09.010},
issn = {1074-5521},
journal = {Chem. Biol.},
month = dec,
number = {12},
pages = {1269--79},
pmid = {16356844},
title = {{Microtubule interactions with chemically diverse stabilizing agents: thermodynamics of binding to the paclitaxel site predicts cytotoxicity.}},
url = {http://www.ncbi.nlm.nih.gov/pubmed/16356844},
volume = {12},
year = {2005}
}
@article{Sefkow1998,
author = {Sefkow, Michael and Kiffe, Michael and H\"{o}fle, Gerhard},
issn = {0960-894X},
journal = {Bioorg. Med. Chem. Lett.},
month = nov,
number = {21},
pages = {3031--3036},
title = {{Derivatization of the C12C13 functional groups of epothilones A, B and C}},
url = {http://www.sciencedirect.com/science/article/pii/S0960894X98005460},
volume = {8},
year = {1998}
}
@article{Namikoshi2001,
annote = {doi: 10.1021/np000443g},
author = {Namikoshi, Michio and Akano, Kyoko and Meguro, Shiori and Kasuga, Isao and Mine, Yuji and Takahashi, Takenori and Kobayashi, Hisayoshi},
doi = {10.1021/np000443g},
issn = {0163-3864},
journal = {J. Nat. Prod.},
month = feb,
number = {3},
pages = {396--398},
publisher = {American Chemical Society},
title = {{A New Macrocyclic Trichothecene, 12,13-Deoxyroridin E, Produced by the Marine-Derived Fungus Myrothecium roridum Collected in Palau}},
url = {http://dx.doi.org/10.1021/np000443g},
volume = {64},
year = {2001}
}
@article{Buey2004,
author = {Buey, Rub\'{e}n M. and D\'{\i}az, J. Fernando and Andreu, Jos\'{e} M. and O'Brate, Aurora and Giannakakou, Paraskevi and Nicolaou, K. C. and Sasmal, Pradip K. and Ritz\'{e}n, Andreas and Namoto, Kenji},
doi = {http://dx.doi.org/10.1016/j.chembiol.2004.01.014},
issn = {1074-5521},
journal = {Chem. Biol.},
month = feb,
number = {2},
pages = {225--236},
title = {{Interaction of Epothilone Analogs with the Paclitaxel Binding Site: Relationship between Binding Affinity, Microtubule Stabilization, and Cytotoxicity}},
url = {http://www.sciencedirect.com/science/article/pii/S1074552104000250},
volume = {11},
year = {2004}
}
@article{Schiff1980,
author = {Schiff, Peter B. and Horwitz, S. B.},
journal = {Proc. Natl. Acad. Sci. USA},
month = mar,
number = {3 },
pages = {1561--1565},
title = {{Taxol stabilizes microtubules in mouse fibroblast cells }},
url = {http://www.pnas.org/content/77/3/1561.abstract},
volume = {77 },
year = {1980}
}
@article{Hou2011,
doi = {10.1021/ci100275a},
author = {Hou, Tingjun and Wang, Junmei and Li, Youyong and Wang, Wei},
issn = {1549-960X},
journal = {J. Chem. Inf. Model.},
month = jan,
number = {1},
pages = {69--82},
pmid = {21117705},
title = {{Assessing the performance of the MM/PBSA and MM/GBSA methods. 1. The accuracy of binding free energy calculations based on molecular dynamics simulations.}},
url = {http://www.pubmedcentral.nih.gov/articlerender.fcgi?artid=3029230\&tool=pmcentrez\&rendertype=abstract},
volume = {51},
year = {2011}
}
@article{Genheden2012,
author = {Genheden, Samuel and Kuhn, Oliver and Mikulskis, Paulius and Hoffmann, Daniel and Ryde, Ulf},
doi = {10.1021/ci3001919},
issn = {1549-960X},
journal = {J. Chem. Inf. Model.},
month = aug,
number = {8},
pages = {2079--88},
pmid = {22817270},
title = {{The normal-mode entropy in the MM/GBSA method: effect of system truncation, buffer region, and dielectric constant.}},
url = {http://www.ncbi.nlm.nih.gov/pubmed/22817270},
volume = {52},
year = {2012}
}
@article{Singh2010,
author = {Singh, Nidhi and Warshel, Arieh},
doi = {10.1002/prot.22687},
issn = {1097-0134},
journal = {Proteins: Struct., Funct., Bioinf.},
month = may,
number = {7},
pages = {1705--1723},
publisher = {Wiley Subscription Services, Inc., A Wiley Company},
title = {{Absolute binding free energy calculations: On the accuracy of computational scoring of protein-ligand interactions}},
url = {http://dx.doi.org/10.1002/prot.22687},
volume = {78},
year = {2010}
}
@article{Barakat2010,
author = {Barakat, Khaled and Mane, Jonathan and Friesen, Douglas and Tuszynski, Jack},
doi = {10.1016/j.jmgm.2009.12.003},
issn = {1873-4243},
journal = {J. Mol. Graph. Model.},
month = feb,
number = {6},
pages = {555--68},
pmid = {20056466},
title = {{Ensemble-based virtual screening reveals dual-inhibitors for the p53-MDM2/MDMX interactions.}},
url = {http://www.ncbi.nlm.nih.gov/pubmed/20056466},
volume = {28},
year = {2010}
}
@article{Wang2001,
author = {Wang, Wei and Kollman, Peter A.},
doi = {10.1073/pnas.251265598},
journal = {Proc. Natl. Acad. Sci. USA},
month = dec,
number = {26},
pages = {14937--14942},
title = {{Computational study of protein specificity: The molecular basis of HIV-1 protease drug resistance}},
url = {http://www.pnas.org/content/98/26/14937.abstract},
volume = {98},
year = {2001}
}
@article{Lepsik2004,
author = {Lep\v{s}\'{\i}k, M. and K\v{r}\'{\i}\v{z}, Z. and Havlas, Z.},
doi = {10.1002/prot.20192},
issn = {1097-0134},
journal = {Proteins: Struct., Funct., Bioinf.},
month = nov,
number = {2},
pages = {279--293},
publisher = {Wiley Subscription Services, Inc., A Wiley Company},
title = {{Efficiency of a second-generation HIV-1 protease inhibitor studied by molecular dynamics and absolute binding free energy calculations}},
url = {http://dx.doi.org/10.1002/prot.20192},
volume = {57},
year = {2004}
}
@article{Brown2006,
annote = {doi: 10.1021/ci050488t},
author = {Brown, Scott P. and Muchmore, Steven W.},
doi = {10.1021/ci050488t},
issn = {1549-9596},
journal = {J. Chem. Inf. Model.},
month = feb,
number = {3},
pages = {999--1005},
publisher = {American Chemical Society},
title = {{High-Throughput Calculation of Protein-Ligand Binding Affinities: Modification and Adaptation of the MM-PBSA Protocol to Enterprise Grid Computing}},
url = {http://dx.doi.org/10.1021/ci050488t},
volume = {46},
year = {2006}
}
@article{Hou2007,
author = {Hou, Tingjun and Yu, Ron},
doi = {10.1021/jm0609162},
issn = {0022-2623},
journal = {J. Med. Chem.},
month = mar,
number = {6},
pages = {1177--88},
pmid = {17300185},
title = {{Molecular dynamics and free energy studies on the wild-type and double mutant HIV-1 protease complexed with amprenavir and two amprenavir-related inhibitors: mechanism for binding and drug resistance.}},
url = {http://www.ncbi.nlm.nih.gov/pubmed/17300185},
volume = {50},
year = {2007}
}
@article{Bennett2010,
author = {Bennett, Melissa J. and Barakat, Khaled and Huzil, J. Torin and Tuszynski, Jack and Schriemer, David C.},
doi = {10.1016/j.chembiol.2010.05.019},
issn = {1879-1301},
journal = {Chem. Biol.},
month = jul,
number = {7},
pages = {725--34},
pmid = {20659685},
publisher = {Elsevier Ltd},
title = {{Discovery and characterization of the laulimalide-microtubule binding mode by mass shift perturbation mapping.}},
url = {http://www.ncbi.nlm.nih.gov/pubmed/20659685},
volume = {17},
year = {2010}
}
@article{Khrapunovich-Baine2011,
author = {Khrapunovich-Baine, Marina and Menon, Vilas and Yang, Chia-Ping Huang and Northcote, Peter T. and Miller, John H. and Angeletti, Ruth Hogue and Fiser, Andras and Horwitz, Susan Band and Xiao, Hui},
doi = {10.1074/jbc.M110.162214},
issn = {1083-351X},
journal = {J. Biol. Chem.},
month = apr,
number = {13},
pages = {11765--78},
pmid = {21245138},
title = {{Hallmarks of molecular action of microtubule stabilizing agents: effects of epothilone B, ixabepilone, peloruside A, and laulimalide on microtubule conformation.}},
url = {http://www.pubmedcentral.nih.gov/articlerender.fcgi?artid=3064228\&tool=pmcentrez\&rendertype=abstract},
volume = {286},
year = {2011}
}
@article{Nogales1998,
author = {Nogales, Eva and Wolf, Sharon G. and Downing, Kenneth H. and Gray, Richard A. and Pertsov, Arkady M.},
issn = {0028-0836},
journal = {Nature},
month = may,
number = {6681},
pages = {191},
title = {{Structure of the $\alpha$$\beta$ tubulin dimer by electron crystallography}},
url = {http://dx.doi.org/10.1038/30288},
volume = {393},
year = {1998}
}
@article{Nikolova2003,
author = {Nikolova, Nina and Jaworska, Joanna},
doi = {10.1002/qsar.200330831},
issn = {1611-020X},
journal = {QSAR Comb. Sci.},
month = dec,
number = {910},
pages = {1006--1026},
title = {{Approaches to Measure Chemical Similarity- a Review}},
url = {http://doi.wiley.com/10.1002/qsar.200330831},
volume = {22},
year = {2003}
}
@article{Lipinski2001,
title = "Experimental and computational approaches to estimate solubility and permeability in drug discovery and development settings ",
journal = "Adv. Drug Deliv. Rev. ",
volume = "46",
number = "1–3",
pages = "3 - 26",
year = "2001",
issn = "0169-409X",
doi = "http://dx.doi.org/10.1016/S0169-409X(00)00129-0",
url = "http://www.sciencedirect.com/science/article/pii/S0169409X00001290",
author = "Christopher A. Lipinski and Franco Lombardo and Beryl W. Dominy and Paul J. Feeney",
}
@MISC{ADMET,
title = {{ADMET Predictor, Simulations Plus}},
howpublished = {www.simulations-plus.com}
}
@article{Rao1995,
author = {Rao, Srinivasa and Orr, George A. and Chaudhary, Ashok G. and Kingston, David G. I. and Horwitz, Susan Band},
doi = {10.1074/jbc.270.35.20235},
journal = {J. Biol. Chem.},
month = sep,
number = {35 },
pages = {20235--20238},
title = {{Characterization of the Taxol Binding Site on the Microtubule }},
url = {http://www.jbc.org/content/270/35/20235.abstract},
volume = {270 },
year = {1995}
}
@article{Rao1999,
annote = {10.1074/jbc.274.53.37990 },
author = {Rao, Srinivasa and He, Lifeng and Chakravarty, Subrata and Ojima, Iwao and Orr, George A. and Horwitz, Susan Band},
doi = {10.1074/jbc.274.53.37990},
journal = {J. Biol. Chem.},
month = dec,
number = {53 },
pages = {37990--37994},
title = {{Characterization of the Taxol Binding Site on the Microtubule }},
url = {http://www.jbc.org/content/274/53/37990.abstract},
volume = {274 },
year = {1999}
}
@article{Bollag1995,
author = {Bollag, Daniel M. and McQueney, Patricia A. and Zhu, Jian and Hensens, Otto and Koupal, Lawrence and Liesch, Jerrold and Goetz, Michael and Lazarides, Elias and Woods, Catherine M.},
journal = {Cancer Res. },
month = jun,
number = {11 },
pages = {2325--2333},
title = {{Epothilones, a New Class of Microtubule-stabilizing Agents with a Taxol-like Mechanism of Action}},
url = {http://cancerres.aacrjournals.org/content/55/11/2325.abstract},
volume = {55 },
year = {1995}
}
@article{Hamel1999,
annote = {doi: 10.1021/bi983023n},
author = {Hamel, Ernest and Sackett, Dan L. and Vourloumis, Dionisios and Nicolaou, K. C.},
doi = {10.1021/bi983023n},
issn = {0006-2960},
journal = {Biochemistry},
month = apr,
number = {17},
pages = {5490--5498},
publisher = {American Chemical Society},
title = {{The Coral-Derived Natural Products Eleutherobin and Sarcodictyins A and B: Effects on the Assembly of Purified Tubulin with and without Microtubule-Associated Proteins and Binding at the Polymer Taxoid Site}},
url = {http://dx.doi.org/10.1021/bi983023n},
volume = {38},
year = {1999}
}
@article{Kowalski1997,
author = {Kowalski, Richard J. and Giannakakou, Paraskevi and Gunasekera, Sarath P. and Longley, Ross E. and Day, Billy W. and Hamel, Ernest},
journal = {Mol. Pharmacol. },
month = oct,
number = {4 },
pages = {613--622},
title = {{The Microtubule-Stabilizing Agent Discodermolide Competitively Inhibits the Binding of Paclitaxel (Taxol) to Tubulin Polymers, Enhances Tubulin Nucleation Reactions More Potently than Paclitaxel, and Inhibits the Growth of Paclitaxel-Resistant Cells}},
url = {http://molpharm.aspetjournals.org/content/52/4/613.abstract},
volume = {52 },
year = {1997}
}
@misc{case2012,
	title = "AMBER 12",
	year = "2012",
	author = "Case, D. and Darden, T.  and Cheatham III, T. and Simmerling, C. and Wang, J. and Duke, R. and Luo, R. and Walker, R. and Zhang, W. and Merz, K. and Roberts, B. and Hayik, S. and Roitberg, A. and Seabra, G. and Swails, J. and Goetz, A. and Kolossv\'{a}ry, I. and Wong, K. and Paesani, F. and Vanicek, J. and Wolf, R. and Liu, J. and Wu, X. and Brozell, S. and Steinbrecher, T. and Gohlke, H. and Cai, Q. and Ye, X. and Wang, J. and Hsieh, M. and Cui, G. and Roe, D. and Mathews, D. and Seetin, M. and Salomon-Ferrer, R. and Sagui, C. and Babin, V. and Luchko, T. and Gusarov, S. and Kovalenko, A. and Kollman, P.",
	note = "University of California, San Francisco",
}
@article{Humphrey1996,
title = "{VMD}: Visual molecular dynamics ",
journal = "J. Mol. Graphics ",
volume = "14",
number = "1",
pages = "33 - 38",
year = "1996",
note = "",
issn = "0263-7855",
doi = "http://dx.doi.org/10.1016/0263-7855(96)00018-5",
url = "http://www.sciencedirect.com/science/article/pii/0263785596000185",
author = "William Humphrey and Andrew Dalke and Klaus Schulten",
}
@article {Su1997,
author = {Su, Dai-Shi and Balog, Aaron and Meng, Dongfang and Bertinato, Peter and Danishefsky, Samuel J. and Zheng, Yu-Huang and Chou, Ting-Chao and He, Lifeng and Horwitz, Susan B.},
title = {Structure-Activity Relationship of the Epothilones and the First In Vivo Comparison with Paclitaxel},
journal = {Angew. Chem. Int. Edit.},
volume = {36},
number = {19},
publisher = {H\"{u}thig & Wepf Verlag},
issn = {1521-3773},
url = {http://dx.doi.org/10.1002/anie.199720931},
doi = {10.1002/anie.199720931},
pages = {2093--2096},
year = {1997},
}
@article{Mooberry2008,
author = {Mooberry, Susan L. and Hilinski, Michael K. and Clark, Erin A. and Wender, Paul A.},
title = {Function-Oriented Synthesis: Biological Evaluation of Laulimalide Analogues Derived from a Last Step Cross Metathesis Diversification Strategy},
journal = {Mol. Pharm.},
volume = {5},
number = {5},
pages = {829-838},
year = {2008},
doi = {10.1021/mp800043n},
URL = {http://dx.doi.org/10.1021/mp800043n},
}
@article{Lam2012,
year={2012},
issn={0344-5704},
journal={Cancer Chemoth. Pharm.},
volume={69},
number={2},
doi={10.1007/s00280-011-1724-7},
title={Phase {I} dose escalation study of {KOS}-1584, a novel epothilone, in patients with advanced solid tumors},
url={http://dx.doi.org/10.1007/s00280-011-1724-7},
publisher={Springer-Verlag},
keywords={Epothilone; KOS-1584; Phase I; Solid tumors},
author={Lam, Elaine T. and Goel, Sanjay and Schaaf, Larry J. and Cropp, Gillian F. and Hannah, Alison L. and Zhou, Yiqing and McCracken, Barbara and Haley, Brandi I. and Johnson, Robert G. and Mani, Sridhar and Villalona-Calero, Miguel A.},
pages={523-531},
language={English}
}
@article{Hardt2001,
author = {Hardt, Ingo H. and Steinmetz, Heinrich and Gerth, Klaus and Sasse, F. and Reichenbach, Hans and H\"{o}fle, Gerhard},
title = {New Natural Epothilones from Sorangium cellulosum, Strains {So} ce90/B2 and {So} ce90/D13:  Isolation, Structure Elucidation, and {SAR} Studies},
journal = {J. Nat. Prod.},
volume = {64},
number = {7},
pages = {847-856},
year = {2001},
doi = {10.1021/np000629f},
URL = {http://dx.doi.org/10.1021/np000629f},
}

# HBP

@article{Thar2006,
author = {Thar, Jens and Kirchner, Barbara},
title = {Hydrogen Bond Detection},
journal = {J. Phys. Chem. A},
volume = {110},
number = {12},
pages = {4229-4237},
year = {2006},
}
@article{Davidson1967,
author = "Davidson, Ernest R.",
title = "Electronic Population Analysis of Molecular Wavefunctions",
journal = "J. Chem. Phys.",
year = "1967",
volume = "46",
number = "9", 
pages = "3320-3324",
}
@article{Roby1974,
author = {Roby, Keith R.},
title = {Quantum theory of chemical valence concepts},
journal = {Mol. Phys.},
volume = {27},
number = {1},
pages = {81-104},
year = {1974},

}
@article{Ehrhardt1985,
year={1985},
issn={0040-5744},
journal={Theor. Chim. Acta},
volume={68},
number={3},
title={Population analysis based on occupation numbers {II}. Relationship between shared electron numbers and bond energies and characterization of hypervalent contributions},
publisher={Springer-Verlag},
keywords={Population analysis; Bond energies; Hypervalency},
author={Ehrhardt, Claus and Ahlrichs, Reinhart},
pages={231-245},
language={English}
}
@article{Grabowski2001,
author = {Grabowski, S\l{}awomir Janusz},
title = {Ab Initio Calculations on Conventional and Unconventional Hydrogen Bonds -- Study of the Hydrogen Bond Strength},
journal = {J. Phys. Chem. A},
volume = {105},
number = {47},
pages = {10739-10746},
year = {2001},

}
@article{Gora2005,
author = {Gora, Robert W. and Grabowski, S\l{}awomir J. and Leszczynski, Jerzy},
title = {Dimers of Formic Acid, Acetic Acid, Formamide and Pyrrole-2-carboxylic Acid: An Ab Initio Study},
journal = {J. Phys. Chem. A},
volume = {109},
number = {29},
pages = {6397-6405},
year = {2005},
}
@article{Parthasarathi2005,
author = {Parthasarathi, R. and Subramanian, V. and Sathyamurthy, N.},
title = {Hydrogen Bonding in Phenol, Water, and Phenol--Water Clusters},
journal = {J. Phys. Chem. A},
volume = {109},
number = {5},
pages = {843-850},
year = {2005},
}
@inbook{Bader1990,
author = {Bader, Richard F. W.},
title = {Atoms in Molecules -- A Quantum Theory},
year = {1990},
publisher={Oxford University Press},
address = {Oxford, U.K.},
}
@article{Bader1991,
author = {Bader, Richard F. W.},
title = {A quantum theory of molecular structure and its applications},
journal = {Chem. Rev.},
volume = {91},
number = {5},
pages = {893-928},
year = {1991},
}
@article{Mulliken1955,
   author = "Mulliken, R. S.",
   title = "Electronic Population Analysis on {LCAO}--{MO} Molecular Wave Functions.",
   journal = "J. Chem. Phys.",
   year = "1955",
   volume = "23",
   number = "10", 
   pages = "1833-1840",
}
@article{Glendening2012,
author = {Glendening, Eric D. and Landis, Clark R. and Weinhold, Frank},
issn = {17590876},
journal = {Wiley Interdisciplinary Reviews: Computational Molecular Science},
month = jan,
number = {1},
pages = {1--42},
title = {{Natural bond orbital methods}},
volume = {2},
year = {2012}
}
@article{Arunan2011-1,
author = {Arunan, Elangannan and Desiraju, Gautam R. and Klein, Roger A. and Sadlej, Joanna and Scheiner, Steve and Alkorta, Ibon and Clary, David C. and Crabtree, Robert H. and Dannenberg, Joseph J. and Hobza, Pavel and Kjaergaard, Henrik G. and Legon, Anthony C. and Mennucci, Benedetta and Nesbitt, David J.},
issn = {0033-4545},
journal = {Pure Appl. Chem.},
month = jul,
number = {8},
pages = {1637--1641},
title = {{Definition of the hydrogen bond (IUPAC Recommendations 2011)}},
volume = {83},
year = {2011}
}
@article{Wiberg1968,
title = "Application of the {Pople--Santry--Segal} \{CNDO\} method to the cyclopropylcarbinyl and cyclobutyl cation and to bicyclobutane",
journal = "Tetrahedron",
volume = "24",
number = "3",
pages = "1083--1096",
year = "1968",
issn = "0040-4020",
author = "K.B. Wiberg"
}
@article{Reed1983,
   author = "Reed, Alan E. and Weinhold, Frank",
   title = "Natural bond orbital analysis of {near--Hartree--Fock} water dimer",
   journal = "J. Chem. Phys.",
   year = "1983",
   volume = "78",
   number = "6", 
   pages = "4066-4073",
}
@article{Reed1985,
   author = "Reed, Alan E. and Weinstock, Robert B. and Weinhold, Frank",
   title = "Natural population analysis",
   journal = "J. Chem. Phys.",
   year = "1985",
   volume = "83",
   number = "2", 
   pages = "735--746",
}
@article{Ehrhardt1985,
year={1985},
issn={0040-5744},
journal={Theor. Chim. Acta},
volume={68},
number={3},
title={Population analysis based on occupation numbers II. Relationship between shared electron numbers and bond energies and characterization of hypervalent contributions},
publisher={Springer-Verlag},
keywords={Population analysis; Bond energies; Hypervalency},
author={Ehrhardt, Claus and Ahlrichs, Reinhart},
pages={231-245},
language={English}
}
@article{Schaeffer1992,
   author = "Sch{\"{a}}fer, Ansgar and Horn, Hans and Ahlrichs, Reinhart",
   title = "Fully optimized contracted Gaussian basis sets for atoms {Li to Kr}",
   journal = "J. Chem. Phys.",
   year = "1992",
   volume = "97",
   number = "4", 
   pages = "2571-2577",
}

@article{Schaeffer1994,
   author = "Sch{\"{a}}fer, Ansgar and Huber, Christian and Ahlrichs, Reinhart",
   title = "Fully optimized contracted Gaussian basis sets of triple zeta valence quality for atoms {Li to Kr}",
   journal = "J. Chem. Phys.",
   year = "1994",
   volume = "100",
   number = "8", 
   pages = "5829-5835",
}

@misc{g09,
author="M. J. Frisch and G. W. Trucks and H. B. Schlegel and G. E. Scuseria and M. A. Robb and J. R. Cheeseman and G. Scalmani and V. Barone and B. Mennucci and G. A. Petersson and H. Nakatsuji and M. Caricato and X. Li and H. P. Hratchian and A. F. Izmaylov and J. Bloino and G. Zheng and J. L. Sonnenberg and M. Hada and M. Ehara and K. Toyota and R. Fukuda and J. Hasegawa and M. Ishida and T. Nakajima and Y. Honda and O. Kitao and H. Nakai and T. Vreven and Montgomery, {Jr.}, J. A. and J. E. Peralta and F. Ogliaro and M. Bearpark and J. J. Heyd and E. Brothers and K. N. Kudin and V. N. Staroverov and R. Kobayashi and J. Normand and K. Raghavachari and A. Rendell and J. C. Burant and S. S. Iyengar and J. Tomasi and M. Cossi and N. Rega and J. M. Millam and M. Klene and J. E. Knox and J. B. Cross and V. Bakken and C. Adamo and J. Jaramillo and R. Gomperts and R. E. Stratmann and O. Yazyev and A. J. Austin and R. Cammi and C. Pomelli and J. W. Ochterski and R. L. Martin and K. Morokuma and V. G. Zakrzewski and G. A. Voth and P. Salvador and J. J. Dannenberg and S. Dapprich and A. D. Daniels and {\"{o}}. Farkas and J. B. Foresman and J. V. Ortiz and J. Cioslowski and D. J. Fox",
title="Gaussian~09 {R}evision {D}.01",
note="Gaussian Inc. Wallingford CT 2009"
}
@article{Ayoub2014,
	author = {Ayoub, Ahmed T. and Craddock, Travis J.A. and Klobukowski, Mariusz and Tuszynski, Jack},
	doi = {10.1016/j.bpj.2014.05.047},
	journal = {Biophys.	J.},
	month = dec,
	number = {3},
	pages = {740--750},
	publisher = {Elsevier},
	title = {Analysis of the Strength of Interfacial Hydrogen Bonds between Tubulin Dimers Using Quantum Theory of Atoms in Molecules},
	url = {http://www.cell.com/biophysj/abstract/S0006-3495(14)00676-6},
	volume = {107},
	year = {2014}
}

@article{Hanwell2012,
year={2012},
journal={J. Cheminform.},
volume={4},
number={1},
title={Avogadro: An advanced semantic chemical editor, visualization, and analysis platform},
publisher={Chemistry Central},
author={Hanwell, Marcus D. and Curtis, Donald E. and Lonie, David C. and Vandermeersch, Tim and Zurek, Eva and Hutchison, Geoffrey R.},
pages={1-17},
language={English}
}
@article{Grabowski2000,
title = "{BeH}$_2$ as a proton--accepting molecule for dihydrogen bonded systems--ab initio study ",
journal = "J. Mol. Struct. ",
volume = "553",
number = "1--3",
pages = "151--156",
year = "2000",
issn = "0022-2860",
author = "S.J Grabowski",
}

@article{Arunan2011-2,
author = {Arunan, Elangannan and Desiraju, Gautam R. and Klein, Roger A. and Sadlej, Joanna and Scheiner, Steve and Alkorta, Ibon and Clary, David C. and Crabtree, Robert H. and Dannenberg, Joseph J. and Hobza, Pavel and Kjaergaard, Henrik G. and Legon, Anthony C. and Mennucci, Benedetta and Nesbitt, David J.},
issn = {0033-4545},
journal = {Pure Appl. Chem.},
month = jul,
number = {8},
pages = {1619--1636},
title = {{Defining the hydrogen bond: An account (IUPAC Technical Report)}},
volume = {83},
year = {2011}
}
@article{Gatti1994,
author = "Gatti, C. and Saunders, V. R. and Roetti, C.",
title = "Crystal field effects on the topological properties of the electron density in molecular crystals: The case of urea",
journal = "J. Chem. Phys.",
year = "1994",
volume = "101",
number = "12", 
pages = "10686--10696",
}

@Article{Alkorta1998,
author ="Alkorta, Ibon and Elguero, Jos\'{e}",
title  ="Non--conventional hydrogen bonds",
journal  ="Chem. Soc. Rev.",
year  ="1998",
volume  ="27",
issue  ="2",
pages  ="163-170",
publisher  ="The Royal Society of Chemistry",
}
@article{Schmidt2008,
author = "Schmidt, Matthias and Zahn, Stefan and Carella, Michela and Ohlenschl{\"{a}}ger, Oliver and G{\"{o}}rlach, Matthias and Kothe, Erika and Weston, James",
title = "Solution Structure of a Functional Biomimetic and Mechanistic Implications for Nickel Superoxide Dismutases",
journal = "ChemBioChem",
volume = "9",
number = "13",
pages = "2135--2146",
year = "2008",
}
@article{Schenk2008,
author = "Schenk, Stephan and Le Guennic, Boris and Kirchner, Barbara and Reiher, Markus",
title = "First-Principles Investigation of the Schrock Mechanism of Dinitrogen Reduction Employing the Full {HIPTN}$_{3}${N} Ligand",
journal = "Inorg. Chem.",
volume = "47",
number = "9",
pages = "3634-3650",
year = "2008",
}


@article{Boys1970,
author = {Boys, S.F. and Bernardi, F.},
title = {The calculation of small molecular interactions by the differences of separate total energies. Some procedures with reduced errors},
journal = {Mol. Phys.},
volume = {19},
number = {4},
pages = {553-566},
year = {1970},
}
@article{Simon1996,
   author = "Simon, S\'{i}lvia and Duran, Miquel and Dannenberg, J. J.",
   title = "How does basis set superposition error change the potential surfaces for hydrogen--bonded dimers?",
   journal = "J. Chem. Phys.",
   year = "1996",
   volume = "105",
   number = "24", 
   pages = "11024-11031",
}
@article{Becke1993,
   author = "Becke, Axel D.",
   title = "Density--functional thermochemistry. {III.} The role of exact exchange",
   journal = "J. Chem. Phys.",
   year = "1993",
   volume = "98",
   number = "7", 
   pages = "5648--5652",
}

@article{Lee1988,
  title = {Development of the {Colle--Salvetti} correlation--energy formula into a functional of the electron density},
  author = {Lee, Chengteh and Yang, Weitao and Parr, Robert G.},
  journal = {Phys. Rev. B},
  volume = {37},
  issue = {2},
  pages = {785--789},
  numpages = {0},
  year = {1988},
  month = {Jan},
  publisher = {American Physical Society},
}
@article{Vosko1980,
author = {Vosko, S. H. and Wilk, L. and Nusair, M.},
title = {Accurate spin--dependent electron liquid correlation energies for local spin density calculations: a critical analysis},
journal = {Can. J. Phys.},
volume = {58},
number = {8},
pages = {1200-1211},
year = {1980},
}
@article{Parthasarathi2006,
	author = {Parthasarathi, R. and Subramanian, V. and Sathyamurthy, N.},
	title = {Hydrogen Bonding without Borders: An Atoms-in-Molecules Perspective},
	journal = {J. Phys. Chem. A},
	volume = {110},
	number = {10},
	pages = {3349-3351},
	year = {2006},
}

@article{Desiraju2002,
author = {Desiraju, Gautam R.},
title = {Hydrogen Bridges in Crystal Engineering: Interactions without Borders},
journal = {Accounts Chem. Res.},
volume = {35},
number = {7},
pages = {565-573},
year = {2002},
}
@article{Rose2006,
author = {Rose, George D. and Fleming, Patrick J. and Banavar, Jayanth R. and Maritan, Amos}, 
title = {A backbone-based theory of protein folding},
volume = {103}, 
number = {45}, 
pages = {16623-16633}, 
year = {2006}, 
eprint = {http://www.pnas.org/content/103/45/16623.full.pdf+html}, 
journal = {Proc. Natl. Acad. Sci. U.S.A.} 
} 
@article{Deechongkit2004,
annote = {10.1038/nature02611},
author = {Deechongkit, Songpon and Nguyen, Houbi and Powers, Evan T. and Dawson, Philip E. and Gruebele, Martin and Kelly, Jeffery W.},
issn = {0028-0836},
journal = {Nature},
month = jul,
number = {6995},
pages = {101--105},
title = {{Context-dependent contributions of backbone hydrogen bonding to $\beta$-sheet folding energetics}},
volume = {430},
year = {2004}
}
@article{Hellgren2007,
year={2007},
issn={1420-682X},
journal={Cell Mol. Life Sci.},
volume={64},
number={23},
title={A hydrogen-bonding network in mammalian sorbitol dehydrogenase stabilizes the tetrameric state and is essential for the catalytic power},
publisher={SP Birkhäuser Verlag Basel},
keywords={Alcohol dehydrogenase; hydrogen-bonding network; Gibbs energy; quaternary structure; sorbitol dehydrogenase; structural zinc},
author={Hellgren, M. and Kaiser, C. and Haij, S. and Norberg, {\AA{}}. and H\"{o}\"{o}g, J.-O.},
pages={3129-3138},
language={English}
}

@inbook{Scheiner2007,
title = {Calculating the Properties of Hydrogen Bonds by ab Initio Methods},
author = {Scheiner, Steve},
publisher = {John Wiley \& Sons, Inc.},
isbn = {9780470125793},
pages = {165--218},
booktitle = {Reviews in Computational Chemistry},
year = {2007},
}

@inbook{Jeziorski2002,
title = {Intermolecular Interactions by Perturbation Theory},
author = {Jeziorski, Bogumil and Szalewicz, Krzysztof},
publisher = {John Wiley \& Sons, Ltd},
isbn = {9780470845011},
pages = {1376--1398},
booktitle = {Encyclopedia of Computational Chemistry},
year = {2002},
}
@article{Reiher2001,
year={2001},
issn={1432-881X},
journal={Theor. Chem. Acc.},
volume={106},
number={6},
title={Stabilization of diazene in Fe{(II)}--sulfur model complexes relevant for nitrogenase activity. {I}. A new approach to the evaluation of intramolecular hydrogen bond energies},
publisher={Springer-Verlag},
keywords={Key words: Diazene complexes – Hydrogen bonding – Density functional calculations – Iron–sulfur complexes – Shared-electron numbers},
author={Reiher, Markus and Sellmann, Dieter and Hess, Bernd Artur},
pages={379-392},
language={English}
}
@article {Grimme2006,
author = {Grimme, Stefan},
title = {Semiempirical {GGA}-type density functional constructed with a long-range dispersion correction},
journal = {J. Comput. Chem.},
volume = {27},
number = {15},
publisher = {Wiley Subscription Services, Inc., A Wiley Company},
issn = {1096-987X},
pages = {1787--1799},
year = {2006},
}
@article{Jeng-Da2008,
author = "Chai, Jeng-Da and Head-Gordon, Martin",
title = "Systematic optimization of long-range corrected hybrid density functionals",
journal = "J. Chem. Phys.",
year = "2008",
volume = "128",
number = "8", 
eid = 084106,
pages = "-",
}
@article{Jeng-Da20082,
author ="Chai, Jeng-Da and Head-Gordon, Martin",
title  ="Long-range corrected hybrid density functionals with damped atom-atom dispersion corrections",
journal  ="Phys. Chem. Chem. Phys.",
year  ="2008",
volume  ="10",
issue  ="44",
pages  ="6615-6620",
publisher  ="The Royal Society of Chemistry",
}
@article{Moller1934,
title = {Note on an Approximation Treatment for Many-Electron Systems},
author = {M\o{}ller, Christian and Plesset, Milton S.},
journal = {Phys. Rev.},
volume = {46},
issue = {7},
pages = {618--622},
numpages = {0},
year = {1934},
month = {Oct},
publisher = {American Physical Society},
}
@article{HeadGordon1988,
title = "{MP2} energy evaluation by direct methods ",
journal = "Chem. Phys. Lett. ",
volume = "153",
number = "6",
pages = "503 - 506",
year = "1988",
issn = "0009-2614",
author = "Martin Head-Gordon and John A. Pople and Michael J. Frisch"
}
@article{Frisch1990,
title = "A direct {MP2} gradient method ",
journal = "Chem. Phys. Lett. ",
volume = "166",
number = "3",
pages = "275 - 280",
year = "1990",
issn = "0009-2614",
author = "Michael J. Frisch and Martin Head-Gordon and John A. Pople"
}
@article{ccpVTZ,
author = "Dunning, Thom H.",
title = "Gaussian basis sets for use in correlated molecular calculations. {I}. The atoms boron through neon and hydrogen",
journal = "J. Chem. Phys.",
year = "1989",
volume = "90",
number = "2", 
eid = ,
pages = "1007-1023",
}
@article{Kendall1992,
author = "Kendall, Rick A. and Dunning, Thom H. and Harrison, Robert J.",
title = "Electron affinities of the first‐row atoms revisited. {S}ystematic basis sets and wave functions",
journal = "J. Chem. Phys.",
year = "1992",
volume = "96",
number = "9", 
eid = ,
pages = "6796-6806",
}
@article{Popelier1998,
author = {Popelier, P. L. A.},
title = {Characterization of a dihydrogen bond on the basis of the electron density},
journal = {J. Phys. Chem. A},
volume = {102},
number = {10},
pages = {1873-1878},
year = {1998},
doi = {10.1021/jp9805048},
}
@article{Scheiner2001,
author = {Scheiner, Steve and Grabowski, S\l{}awomir J. and Kar, Tapas},
title = {Influence of hybridization and substitution on the properties of the CH···O hydrogen bond},
journal = {J. Phys. Chem. A},
volume = {105},
number = {46},
pages = {10607-10612},
year = {2001},
doi = {10.1021/jp0131267},
}
@article{Ayoub2014HB,
year={2014},
issn={1432-881X},
journal={Theor. Chem. Acc.},
eid={1520},
volume={133},
pages={1520-1526},
number={8},
doi={10.1007/s00214-014-1520-7},
title={Estimating hydrogen bond energies: comparison of methods},
url={http://dx.doi.org/10.1007/s00214-014-1520-7},
publisher={Springer Berlin Heidelberg},
keywords={Hydrogen bonds; Atoms in molecules; Population analysis},
author={Ayoub, Ahmed T. and Tuszynski, Jack and Klobukowski, Mariusz},
language={English}
}
@article{Bernstein1978,
title = "The protein data bank: A computer-based archival file for macromolecular structures ",
journal = "Arch. Biochem. Biophys. ",
volume = "185",
number = "2",
pages = "584-591",
year = "1978",
issn = "0003-9861",
doi = "http://dx.doi.org/10.1016/0003-9861(78)90204-7",
author = "Frances C. Bernstein and Thomas F. Koetzle and Graheme J.B. Williams and Edgar F. Meyer Jr. and Michael D. Brice and John R. Rodgers and Olga Kennard and Takehiko Shimanouchi and Mitsuo Tasumi"
}
@article{Lowe2001,
title = "Refined structure of $\alpha\beta$-tubulin at 3.5 \r{A} resolution",
journal = "J. Mol. Biol. ",
volume = "313",
number = "5",
pages = "1045-1057",
year = "2001",
author = "J L{\"{o}}we and H Li and K.H Downing and E Nogales",
}
@article{Sali1993,
title = "Comparative Protein Modelling by Satisfaction of Spatial Restraints ",
journal = "J. Mol. Biol. ",
volume = "234",
number = "3",
pages = "779-815",
year = "1993",
issn = "0022-2836",
doi = "http://dx.doi.org/10.1006/jmbi.1993.1626",
author = "Andrej \v{S}ali and Tom L. Blundell",
}
@article {Phillips2005,
author = {Phillips, James C. and Braun, Rosemary and Wang, Wei and Gumbart, James and Tajkhorshid, Emad and Villa, Elizabeth and Chipot, Christophe and Skeel, Robert D. and Kal\'{e}, Laxmikant and Schulten, Klaus},
title = {Scalable molecular dynamics with {NAMD}},
journal = {J. Comput. Chem.},
volume = {26},
number = {16},
publisher = {Wiley Subscription Services, Inc., A Wiley Company},
issn = {1096-987X},
doi = {10.1002/jcc.20289},
pages = {1781--1802},
year = {2005},
}
@article{Li2002,
title = "Microtubule Structure at 8 \r{A} Resolution ",
journal = "Structure ",
volume = "10",
number = "10",
pages = "1317-1328",
year = "2002",
issn = "0969-2126",
doi = "http://dx.doi.org/10.1016/S0969-2126(02)00827-4",
author = "Huilin Li and David J. DeRosier and William V. Nicholson and Eva Nogales and Kenneth H. Downing",
}
@article {Sept2003,
author = {Sept, David and Baker, Nathan A. and McCammon, J. Andrew},
title = {The physical basis of microtubule structure and stability},
journal = {Protein Sci.},
volume = {12},
number = {10},
publisher = {Cold Spring Harbor Laboratory Press},
issn = {1469-896X},
doi = {10.1110/ps.03187503},
pages = {2257--2261},
year = {2003},
}
@misc{PyMol,
title = "The {PyMOL} Molecular Graphics System. {San Carlos}, {CA}: DeLano {S}cientific",
year = "2002",
author = "DeLano, W. L.",
}
@article{Wells2010,
title = "Mechanical properties of a complete microtubule revealed through molecular dynamics simulation ",
journal = "Biophys. J. ",
volume = "99",
number = "2",
pages = "629 - 637",
year = "2010",
note = "",
issn = "0006-3495",
author = "David B. Wells and Aleksei Aksimentiev"
}
@article {Guex1997,
author = "Guex, Nicolas and Peitsch, Manuel C.",
title = "{SWISS-MODEL and the Swiss-PDB Viewer}: An environment for comparative protein modeling",
journal = "Electrophoresis",
volume = "18",
number = "15",
publisher = "Wiley Subscription Services, Inc., A Wiley Company",
issn = "1522-2683",
doi = "10.1002/elps.1150181505",
pages = "2714--2723",
year = "1997",
}
@article{Cornell1995,
author = {Cornell, Wendy D. and Cieplak, Piotr and Bayly, Christopher I. and Gould, Ian R. and Merz, Kenneth M. and Ferguson, David M. and Spellmeyer, David C. and Fox, Thomas and Caldwell, James W. and Kollman, Peter A.},
title = {A second generation force field for the simulation of proteins, nucleic acids, and organic molecules},
journal = {J. Am. Chem. Soc.},
volume = {117},
number = {19},
pages = {5179-5197},
year = {1995},
doi = {10.1021/ja00124a002},
eprint = {http://pubs.acs.org/doi/pdf/10.1021/ja00124a002}
}
@article {Meagher2003,
author = {Meagher, Kristin L. and Redman, Luke T. and Carlson, Heather A.},
title = {Development of polyphosphate parameters for use with the {AMBER} force field},
journal = {J. Comput. Chem.},
volume = {24},
number = {9},
publisher = {Wiley Subscription Services, Inc., A Wiley Company},
issn = {1096-987X},
doi = {10.1002/jcc.10262},
pages = {1016--1025},
year = {2003},
}
@article {Li2005,
author = {Li, Hui and Robertson, Andrew D. and Jensen, Jan H.},
title = {Very fast empirical prediction and rationalization of protein {pKa} values},
journal = {Proteins: Struct., Funct., Bioinf.},
volume = {61},
number = {4},
publisher = {Wiley Subscription Services, Inc., A Wiley Company},
issn = {1097-0134},
doi = {10.1002/prot.20660},
pages = {704--721},
year = {2005},
}
@article {Bas2008,
author = {Bas, Delphine C. and Rogers, David M. and Jensen, Jan H.},
title = {Very fast prediction and rationalization of {pKa} values for protein--ligand complexes},
journal = {Proteins: Struct., Funct., Bioinf.},
volume = {73},
number = {3},
publisher = {Wiley Subscription Services, Inc., A Wiley Company},
issn = {1097-0134},
doi = {10.1002/prot.22102},
pages = {765--783},
year = {2008},
}
@article{Olsson2011,
author = {Olsson, Mats H. M. and S\o{}ndergaard, Chresten R. and Rostkowski, Michal and Jensen, Jan H.},
title = {{PROPKA3}: consistent treatment of internal and surface residues in empirical {pKa} predictions},
journal = {J. Chem. Theory Comput.},
volume = {7},
number = {2},
pages = {525-537},
year = {2011},
doi = {10.1021/ct100578z},
eprint = {http://pubs.acs.org/doi/pdf/10.1021/ct100578z}
}
@article{Sondergaard2011,
author = {S\o{}ndergaard, Chresten R. and Olsson, Mats H. M. and Rostkowski, Micha\l{} and Jensen, Jan H.},
title = {Improved treatment of ligands and coupling effects in empirical calculation and rationalization of {pKa} values},
journal = {J. Chem. Theory Comput.},
volume = {7},
number = {7},
pages = {2284-2295},
year = {2011},
doi = {10.1021/ct200133y},
eprint = {http://pubs.acs.org/doi/pdf/10.1021/ct200133y}
}
@article{Gotz2012,
author = {G\"{o}tz, Andreas W. and Williamson, Mark J. and Xu, Dong and Poole, Duncan and Le Grand, Scott and Walker, Ross C.},
title = {Routine Microsecond Molecular Dynamics Simulations with {AMBER on GPUs. 1. Generalized Born}},
journal = {J. Chem. Theory Comput.},
volume = {8},
number = {5},
pages = {1542-1555},
year = {2012},
doi = {10.1021/ct200909j},
eprint = {http://pubs.acs.org/doi/pdf/10.1021/ct200909j}
}
@article{Shao2007,
author = {Shao, Jianyin and Tanner, Stephen W. and Thompson, Nephi and Cheatham, Thomas E.},
title = {Clustering molecular dynamics trajectories: 1. characterizing the performance of different clustering algorithms},
journal = {J. Chem. Theory Comput.},
volume = {3},
number = {6},
pages = {2312-2334},
year = {2007},
doi = {10.1021/ct700119m},

eprint = {http://pubs.acs.org/doi/pdf/10.1021/ct700119m}
}
@article{Salomon-Ferrer2013,
	author = {Salomon-Ferrer, Romelia and G\"{o}tz, Andreas W. and Poole, Duncan and Le Grand, Scott and Walker, Ross C.},
	title = {Routine Microsecond Molecular Dynamics Simulations with {AMBER} on {GPUs}. 2. {Explicit} solvent {Particle} {Mesh} {Ewald}},
	journal = {J. Chem. Theory Comput.},
	volume = {9},
	number = {9},
	pages = {3878-3888},
	year = {2013},
	doi = {10.1021/ct400314y},
	URL = {http://dx.doi.org/10.1021/ct400314y},
}
@article{LeGrand2013,
	title = {{SPFP}: Speed without compromise - A mixed precision model for {GPU} accelerated molecular dynamics simulations },
	journal = {Comput. Phys. Commun. },
	volume = {184},
	number = {2},
	pages = {374 - 380},
	year = {2013},
	issn = {0010-4655},
	doi = {http://dx.doi.org/10.1016/j.cpc.2012.09.022},
	url = {http://www.sciencedirect.com/science/article/pii/S0010465512003098},
	author = {Scott Le Grand and Andreas W. G\"{o}tz and Ross C. Walker},
}
@article{Roe2013,
	author = {Roe, Daniel R. and Cheatham, Thomas E.},
	title = {{PTRAJ} and {CPPTRAJ}: Software for Processing and Analysis of Molecular Dynamics Trajectory Data},
	journal = {J. Chem. Theory Comput.},
	volume = {9},
	number = {7},
	pages = {3084-3095},
	year = {2013},
	doi = {10.1021/ct400341p},
	URL = { http://dx.doi.org/10.1021/ct400341p},
}
@article{Wendler2010,
author = {Wendler, Katharina and Thar, Jens and Zahn, Stefan and Kirchner, Barbara},
title = {Estimating the hydrogen bond energy},
journal = {J. Phys. Chem. A},
volume = {114},
number = {35},
pages = {9529-9536},
year = {2010},
doi = {10.1021/jp103470e},
eprint = {http://pubs.acs.org/doi/pdf/10.1021/jp103470e}
}
@book{AIMPAC,
author = {Bader, Richard F. W.},
title = {AIMPAC, Suite of programs for the Theory of Atoms in Molecules},
publisher = {McMaster University},
address = {Hamilton, Ontario, Canada},
year = {1994},
}
@article{Gigant2005,
author = {Gigant, Beno\^{\i}t and Wang, Chunguang and Ravelli, Raimond B. G. and Roussi, Fanny and Steinmetz, Michel O. and Curmi, Patrick A. and Sobel, Andr\'{e} and Knossow, Marcel},
issn = {0028-0836},
journal = {Nature},
month = may,
number = {7041},
pages = {519--522},
title = {{Structural basis for the regulation of tubulin by vinblastine}},
volume = {435},
year = {2005}
}
@article{Toso1993,
author = {Toso, Robert J. and Jordan, Mary Ann and Farrell, Kevin W. and Matsumoto, Brian and Wilson, Leslie},
title = {Kinetic stabilization of microtubule dynamic instability in vitro by vinblastine},
journal = {Biochemistry},
volume = {32},
number = {5},
pages = {1285-1293},
year = {1993},
doi = {10.1021/bi00056a013},
eprint = {http://pubs.acs.org/doi/pdf/10.1021/bi00056a013}
}
@article{Torin2006,
  author={J. Torin Huzil and Richard F. Ludue{\~{n}}a and Jack Tuszynski},
  title={Comparative modelling of human $\beta$ tubulin isotypes and implications for drug binding},
  journal={Nanotechnology},
  volume={17},
  number={4},
  pages={S90-S100},
  year={2006},
}
@article{VanBuren2002,
author = {VanBuren, Vincent and Odde, David J. and Cassimeris, Lynne}, 
title = {Estimates of lateral and longitudinal bond energies within the microtubule lattice},
volume = {99}, 
number = {9}, 
pages = {6035-6040}, 
year = {2002}, 
doi = {10.1073/pnas.092504999}, 
eprint = {http://www.pnas.org/content/99/9/6035.full.pdf+html}, 
journal = {Proc. Natl. Acad. Sci. U.S.A.} 
}
@article{Mitchison1984,
author = {Mitchison, Timothy and Kirschner, Marc},
journal = {Nature},
month = nov,
number = {5991},
pages = {237--242},
title = {{Dynamic instability of microtubule growth}},
volume = {312},
year = {1984}
}
@article{Ayoub2015,
	author = {Ahmed T. Ayoub and Mariusz Klobukowski and  Jack A. Tuszynski},
	journal = {PLoS Comput. Biol.},
	month = jun,
	number = {6},
	pages = {e1004313},
	title = {{Detailed Per-residue Energetic Analysis Explains the Driving Force for Microtubule Disassembly}},
	volume = {11},
	year = {2015}
}
@article{Nogales1999,
title = "High-resolution model of the microtubule ",
journal = "Cell ",
volume = "96",
number = "1",
pages = "79-88",
year = "1999",
issn = "0092-8674",
doi = "http://dx.doi.org/10.1016/S0092-8674(00)80961-7",
author = "Eva Nogales and Michael Whittaker and Ronald A. Milligan and Kenneth H. Downing"
}
@article{Snyder2001,
author = {Snyder, James P. and Nettles, James H. and Cornett, Ben and Downing, Kenneth H. and Nogales, Eva}, 
title = {The binding conformation of Taxol in $\beta$-tubulin: A model based on electron crystallographic density},
volume = {98}, 
number = {9}, 
pages = {5312-5316}, 
year = {2001}, 
doi = {10.1073/pnas.051309398}, 
eprint = {http://www.pnas.org/content/98/9/5312.full.pdf+html}, 
journal = {Proc. Natl. Acad. Sci. U.S.A.} 
}
@article{Amos1999,
author = {Amos, Linda A. and L\"{o}we, Jan},
journal = {Chem. Biol.},
isbn = {1074-5521},
month = mar,
number = {3},
pages = {R65--R69},
publisher = {Cell Press},
title = {{How Taxol stabilizes microtubule structure}},
volume = {6},
year = {1999}
}
@article{Prota2013,
author = {Prota, Andrea E. and Bargsten, Katja and Zurwerra, Didier and Field, Jessica J. and D\'{i}az, Jos\'{e} Fernando and Altmann, Karl-Heinz and Steinmetz, Michel O.}, 
title = {Molecular Mechanism of Action of Microtubule-Stabilizing Anticancer Agents},
volume = {339}, 
number = {6119}, 
pages = {587-590}, 
year = {2013}, 
doi = {10.1126/science.1230582}, 
eprint = {http://www.sciencemag.org/content/339/6119/587.full.pdf}, 
journal = {Science} 
}
@article{Drabik2007,
author = {Drabik, Piotr and Gusarov, Sergey and Kovalenko, Andriy},
doi = {10.1529/biophysj.106.089987},
issn = {0006-3495},
journal = {Biophys. J.},
month = jan,
number = {2},
pages = {394--403},
title = {{Microtubule stability studied by three-dimensional molecular theory of solvation.}},
volume = {92},
year = {2007}
}
@article{Sirajuddin2014,
author = {Sirajuddin, Minhajuddin and Rice, Luke M. and Vale, Ronald D.},
journal = {Nat. Cell Biol.},
month = apr,
number = {4},
pages = {335--344},
title = {{Regulation of microtubule motors by tubulin isotypes and post-translational modifications.}},
volume = {16},
year = {2014}
}
@inbook{wcr2014,
author = {Stewart, Bernard and Wild, Christopher P.},
title = {Word Cancer Report},
year = {2014},
publisher={World Health Organization},
}
@misc{nciDef,
title={Defining Cancer},
howpublished={\url{http://www.cancer.gov/cancertopics/what-is-cancer}},
note={Accessed: 17 March 2015},
}
@misc{nciMeta,
title={Metastatic Cancer},
howpublished={\url{http://www.cancer.gov/cancertopics/what-is-cancer/metastatic-fact-sheet}},
note={Accessed: 17 March 2015},
}
@article{Hanahan2000,
title = "The Hallmarks of Cancer ",
journal = "Cell ",
volume = "100",
number = "1",
pages = "57 - 70",
year = "2000",
note = "",
issn = "0092-8674",
doi = "http://dx.doi.org/10.1016/S0092-8674(00)81683-9",
author = "Douglas Hanahan and Robert A. Weinberg"
}
@article{Hanahan2011,
title = "Hallmarks of Cancer: The Next Generation ",
journal = "Cell ",
volume = "144",
number = "5",
pages = "646 - 674",
year = "2011",
note = "",
issn = "0092-8674",
doi = "http://dx.doi.org/10.1016/j.cell.2011.02.013",
author = "Douglas Hanahan and Robert A. Weinberg"
}
@article{Blow2005,
author = {Blow, J. Julian and Tanaka, Tomoyuki U.},
title = {The chromosome cycle: coordinating replication and segregation},
volume = {6},
number = {11},
pages = {1028--1034},
year = {2005},
doi = {10.1038/sj.embor.7400557},
publisher = {EMBO Press},
isbn = {1469-3178},
issn = {1469-221X},
journal = {EMBO Rep.}
}
@inbook{Campbell1999,
author = {Campbell, Neil A. and Reece, Jane B. and Mitchell, Lawrence G.},
title = {Biology},
year = {1999},
edition = {5th},
publisher={Benjamin Cummings Publ. Co., Inc.},
address = {Menlo Park, CA},
}
@article{Conde2009,
author = {Conde, Cecilia and C\'{a}ceres, Alfredo},
doi = {10.1038/nrn2631},
issn = {1471-0048},
journal = {Nat. Rev. Neurosci.},
month = may,
number = {5},
pages = {319--32},
pmid = {19377501},
title = {{Microtubule assembly, organization and dynamics in axons and dendrites.}},
volume = {10},
year = {2009}
}
@misc{aimplot,
title={The {T}heory of {A}toms in {M}olecules},
howpublished={\url{http://www.chemistry.mcmaster.ca/aim/aim_1.html}},
note={Accessed: 16 April 2015},
}
@misc{Mitosis,
title={The {C}ell {C}ycle},
howpublished={\url{http://en.wikipedia.org/wiki/Mitosis#/media/File:Animal_cell_cycle.svg}},
note={Accessed: 24 March 2015},
}
@misc{CHARMM,
	title={Molecular Dynamics Tutorial},
	howpublished={\url{http://www.ch.embnet.org/MD_tutorial/}},
	note={Accessed: 24 March 2015},
}
@article{Adcock2006,
	author = {Adcock, Stewart A. and McCammon, J. Andrew},
	title = {Molecular Dynamics:  Survey of Methods for Simulating the Activity of Proteins},
	journal = {Chem. Rev.},
	volume = {106},
	number = {5},
	pages = {1589-1615},
	year = {2006},
	doi = {10.1021/cr040426m},
}
@article{Karplus2002,
	author = {Martin Karplus and J. Andrew McCammon}, 
	title = {Molecular dynamics simulations of biomolecules},
	volume = {9}, 
	number = {9}, 
	pages = {646-652}, 
	year = {2002}, 
	journal = {Nat. Struct. Biol.} 
}
@book{Cramer2004,
	title = "Essentials of Computational Chemistry: Theories and Models",
	author = "Christopher J. Cramer",
	year = "2004",
	publisher = "John Wiley \& Sons Ltd. (Canada)"
}
@book{Hyams1993,
	title = "Microtubules",
	author = "Jeremy S. Hyams and Clive W. Lloyd",
	year = "1993",
	publisher = "New York: Wiley-Liss"
}
@article{Hayden1990,
	author = {Hayden, J. H. and Bowser, S. S. and Rieder, C. L.}, 
	title = {Kinetochores capture astral microtubules during chromosome attachment to the mitotic spindle: direct visualization in live newt lung cells.},
	volume = {111}, 
	number = {3}, 
	pages = {1039-1045}, 
	year = {1990}, 
	doi = {10.1083/jcb.111.3.1039}, 
	journal = {J. Cell Biol.} 
}
@article{Dumontet2010,
	author = {Dumontet, Charles and Jordan, Mary Ann},
	issn = {1474-1776},
	journal = {Nat. Rev. Drug Discov.},
	month = oct,
	number = {10},
	pages = {790--803},
	publisher = {Nature Publishing Group, a division of Macmillan Publishers Limited. All Rights Reserved.},
	title = {{Microtubule-binding agents: a dynamic field of cancer therapeutics}},
	volume = {9},
	year = {2010}
}
@article{Weisenberg1972,
	author = {Weisenberg, Richard C.}, 
	title = {Microtubule Formation in vitro in Solutions Containing Low Calcium Concentrations},
	volume = {177}, 
	number = {4054}, 
	pages = {1104-1105}, 
	year = {1972}, 
	doi = {10.1126/science.177.4054.1104}, 
	journal = {Science} 
}
@book{Dustin1984,
	title = "Microtubules",
	author = "Pierre Dustin",
	year = "1984",
	publisher = "Springer-Verlag, New-York"
}
@article{Walker1988,
	author = {Walker, R. A. and O'Brien, E. T. and Pryer, N. K. and Soboeiro, M. F. and Voter, W. A. and Erickson, H. P. and Salmon, E. D.}, 
	title = {Dynamic instability of individual microtubules analyzed by video light microscopy: rate constants and transition frequencies.},
	volume = {107}, 
	number = {4}, 
	pages = {1437-1448}, 
	year = {1988}, 
	doi = {10.1083/jcb.107.4.1437}, 
	journal = {J. Cell Biol.} 
}
@article{Mitchison1993,
author = {Mitchison, Timothy J.}, 
title = {Localization of an exchangeable {GTP} binding site at the plus end of microtubules},
volume = {261}, 
number = {5124}, 
pages = {1044-1047}, 
year = {1993}, 
journal = {Science} 
}
@article{Carlier1981,
	author = {Carlier, Marie France and Pantaloni, Dominique},
	title = {Kinetic analysis of guanosine 5'-triphosphate hydrolysis associated with tubulin polymerization},
	journal = {Biochemistry},
	volume = {20},
	number = {7},
	pages = {1918-1924},
	year = {1981},
	doi = {10.1021/bi00510a030}
}
@article{Mitchison1984,
	author = {Mitchison, Timothy and Kirschner, Marc},
	journal = {Nature},
	month = nov,
	number = {5991},
	pages = {237--242},
	title = {{Dynamic instability of microtubule growth}},
	volume = {312},
	year = {1984}
}
@article{Mandelkow1991,
	author = {Mandelkow, E. M. and Mandelkow, E. and Milligan, R. A.}, 
	title = {Microtubule dynamics and microtubule caps: a time-resolved cryo-electron microscopy study.},
	volume = {114}, 
	number = {5}, 
	pages = {977-991}, 
	year = {1991}, 
	doi = {10.1083/jcb.114.5.977}, 
	journal = {J. Cell Biol.} 
}
@article{Hyman1995,
	author = {Hyman, A. A. and Chr\'{e}tien, D. and Arnal, I. and Wade, R. H.}, 
	title = {Structural changes accompanying {GTP} hydrolysis in microtubules: information from a slowly hydrolyzable analogue guanylyl-(alpha,beta)-methylene-diphosphonate.},
	volume = {128}, 
	number = {1}, 
	pages = {117-125}, 
	year = {1995}, 
	doi = {10.1083/jcb.128.1.117}, 
	journal = {J. Cell Biol.} 
}
@article{Nogales2006,
	title = "Structural mechanisms underlying nucleotide-dependent self-assembly of tubulin and its relatives ",
	journal = "Curr. Opin. Struc. Biol. ",
	volume = "16",
	number = "2",
	pages = "221 - 229",
	year = "2006",
	issn = "0959-440X",
	author = "Eva Nogales and Hong-Wei Wang"
}
@article{Barbier2010,
	author = {Barbier, Pascale and Dorl\'{e}ans, Audrey and Devred, Francois and Sanz, Laura and Allegro, Diane and Alfonso, Carlos and Knossow, Marcel and Peyrot, Vincent and Andreu, Jose M.}, 
	title = {Stathmin and interfacial microtubule inhibitors recognize a naturally curved conformation of tubulin dimers},
	volume = {285}, 
	number = {41}, 
	pages = {31672-31681}, 
	year = {2010}, 
	doi = {10.1074/jbc.M110.141929}, 
	journal = {J. Biol. Chem.} 
}
@article{Alushin2014,
	annote = {doi: 10.1016/j.cell.2014.03.053},
	author = {Alushin, Gregory M. and Lander, Gabriel C. and Kellogg, Elizabeth H. and Zhang, Rui and Baker, David and Nogales, Eva},
	doi = {10.1016/j.cell.2014.03.053},
	journal = {Cell},
	month = dec,
	number = {5},
	pages = {1117--1129},
	publisher = {Elsevier},
	title = {{High-resolution microtubule structures reveal the structural transitions in $\alpha$$\beta$-tubulin upon GTP hydrolysis}},
	volume = {157},
	year = {2014}
}
@article{Mitchison2014,
	title = "The Engine of Microtubule Dynamics Comes into Focus ",
	journal = "Cell ",
	volume = "157",
	number = "5",
	pages = "1008 - 1010",
	year = "2014",
	note = "",
	issn = "0092-8674",
	author = "Timothy J. Mitchison"
}
@article{Erickson1981,
	title = "The role of subunit entropy in cooperative assembly. Nucleation of microtubules and other two--dimensional polymers ",
	journal = "Biophys. J. ",
	volume = "34",
	number = "2",
	pages = "293-309",
	year = "1981",
	note = "",
	issn = "0006-3495",
	author = "Harold P. Erickson and Dominique Pantaloni"
}
@article{VanBuren2002,
author = {VanBuren, Vincent and Odde, David J. and Cassimeris, Lynne}, 
title = {Estimates of lateral and longitudinal bond energies within the microtubule lattice},
volume = {99}, 
number = {9}, 
pages = {6035-6040}, 
year = {2002}, 
doi = {10.1073/pnas.092504999}, 
journal = {Proc. Nat. Acad. Sci. USA} 
}
@article {Sept2003,
	author = {Sept, David and Baker, Nathan A. and McCammon, J. Andrew},
	title = {The physical basis of microtubule structure and stability},
	journal = {Protein Sci.},
	volume = {12},
	number = {10},
	publisher = {Cold Spring Harbor Laboratory Press},
	issn = {1469-896X},
	doi = {10.1110/ps.03187503},
	pages = {2257--2261},
	year = {2003},
}
@article{Andre2012,
	year={2012},
	issn={0920-654X},
	journal={J. Comput. Aid. Mol. Des.},
	volume={26},
	number={4},
	doi={10.1007/s10822-012-9566-x},
	title={The state of the guanosine nucleotide allosterically affects the interfaces of tubulin in protofilament},
	publisher={Springer Netherlands},
	keywords={Tubulin; Nucleotide; Molecular dynamics; Protein fluctuations; Microtubule},
	author={Andr\'{e}, Joseph R. and Cl\'{e}ment, Marie-Jeanne and Adjadj, Elisabeth and Toma, Flavio and Curmi, Patrick A. and Manivet, Philippe},
	pages={397-407},
	language={English}
}
@article{Kononova2014,
author = {Kononova, Olga and Kholodov, Yaroslav and Theisen, Kelly E. and Marx, Kenneth A. and Dima, Ruxandra I. and Ataullakhanov, Fazly I. and Grishchuk, Ekaterina L. and Barsegov, Valeri},
title = {Tubulin Bond Energies and Microtubule Biomechanics Determined from Nanoindentation in Silico},
journal = {J. Am. Chem. Soc.},
volume = {136},
number = {49},
pages = {17036-17045},
year = {2014},
doi = {10.1021/ja506385p},
}
@article{Correia1987,
author = {Correia, J. J. and Baty, L. T. and Williams, R. C.}, 
title = {Mg$^{2+}$ dependence of guanine nucleotide binding to tubulin.},
volume = {262}, 
number = {36}, 
pages = {17278-17284}, 
year = {1987}, 
journal = {J. Biol. Chem.} 
}
@article{Frigon1975,
author = {Frigon, Ronald P. and Timasheff, Serge N.},
title = {Magnesium-induced self-association of calf brain tubulin. {II}. {T}hermodynamics},
journal = {Biochemistry},
volume = {14},
number = {21},
pages = {4567-4573},
year = {1975},
}
@article{Gal1988,
title = "Fast disassembly of microtubules induced by {Mg}$^{2+}$ or {Ca}$^{2+}$ ",
journal = "Biochem. Bioph. Res. Co.",
volume = "155",
number = "3",
pages = "1464 - 1470",
year = "1988",
note = "",
issn = "0006-291X",
author = "Vera Gal and Stephen Martin and Peter Bayley",
}
@article{Brien1990,
author = {O'Brien, E. Tim and Salmon, E. D. and Walker, R. A. and Erickson, H. P.},
title = {Effects of magnesium on the dynamic instability of individual microtubules},
journal = {Biochemistry},
volume = {29},
number = {28},
pages = {6648-6656},
year = {1990},
}
@article{Katsuki2014,
author = {Katsuki, Miho and Drummond, Douglas R. and Cross, Robert A.},
doi = {10.1038/ncomms4094},
issn = {2041-1723},
journal = {Nat. Commun.},
month = jan,
pages = {3094},
publisher = {Nature Publishing Group},
title = {{Ectopic A-lattice seams destabilize microtubules.}},
volume = {5},
year = {2014}
}
@misc{moe,
	author = "\mbox{Molecular} \mbox{Operating} \mbox{Environment} \mbox{(MOE)}",
	year= "2012",
	note = "Chemical Computing Group Inc., 1010 Sherbooke St. West, Suite \#910, Montreal, QC, Canada, H3A 2R7"
}
@article{Miller2012,
	author = {Miller, Bill R. and McGee, T. Dwight and Swails, Jason M. and Homeyer, Nadine and Gohlke, Holger and Roitberg, Adrian E.},
	title = {{MMPBSA.py}: An Efficient Program for End-State Free Energy Calculations},
	journal = {J. Chem. Theory Comput.},
	volume = {8},
	number = {9},
	pages = {3314-3321},
	year = {2012},
}
@article{Harada1969,
title = "Isolation and structures of {T}-2636 antibiotics ",
journal = "Tetrahedron Lett.",
volume = "10",
number = "27",
pages = "2239 - 2244",
year = "1969",
note = "",
issn = "0040-4039",
author = "S. Harada and E. Higashide and T. Fugono and T. Kishi"
}
@article{Harada1971,
title = "Studies on {T}-2636 antibiotics. {II}. {I}solation and chemical properties of {T}-2636 antibiotics.",
journal = "J. Antibiot.",
volume = "24",
number = "1",
pages = "13 - 22",
year = "1971",
author = "S. Harada and T. Kishi and K. Mizuno"
}
@article{Harada1973,
title = "Studies on lankacidin-group ({T}-2636) antibiotics. 8. {M}etabolism of lankacidin C 14-propionate in rats and mice.",
journal = "J. Antibiot.",
volume = "26",
number = "11",
pages = "658 - 668",
year = "1973",
author = "S. Harada and S. Tanayama and T. Kishi"
}
@article{Harada1973b,
title = "Studies on lankacidin-group ({T}-2636) antibiotics. {VII}. {S}tructure-activity relationships of lankacidin-group antibiotics.",
journal = "J. Antibiot.",
volume = "26",
number = "11",
pages = "647 - 657",
year = "1973",
author = "S. Harada and T. Yamazaki and K. Hatano and K. Tsuchiya and T. Kishi"
}
@article{Harada1974,
title = "Studies on lankacidin-group ({T}-2636) antibiotics. {V}. {C}hemical structures of lankacidin-group antibiotics. 1.",
journal = "Chem. Pharm. Bull.",
volume = "22",
number = "1",
pages = "99 - 108",
year = "1974",
author = "S. Harada and T. Kishi"
}
@article{Tsuchiya1971,
title = "Studies on {T}-2636 antibiotics. {IV. I}n vitro and in vivo antibacterial activity of {T}-2636 antibiotics.",
journal = "J. Antibiot.",
volume = "24",
number = "1",
pages = "29 - 41",
year = "1971",
author = "K. Tsuchiya and T. Yamazaki and Y. Takeuchi and T. Oishi"
}
@article{Ootsu1973,
title = "Effects of Lankacidin group {(T2636)} antibiotics on the tumor growth and immune response against sheep erythrocytes in mice.",
journal = "Gann.",
volume = "64",
number = "5",
pages = "481 - 492",
year = "1973",
author = "K. Ootsu and T. Matsumoto"
}
@article{Ootsu1975,
title = "Antitumor and immunosuppressive activities of lankacidin-group antibiotics: structure-activity relationships.",
journal = "Cancer Chemother. Rep.",
volume = "59",
number = "5",
pages = "919 - 928",
year = "1975",
author = "K. Ootsu and T. Matsumoto and S. Harada and T. Kishi"
}
@article{Kende1995,
author = {Kende, Andrew S. and Liu, Kun and Kaldor, Istvan and Dorey, Gilbert and Koch, Kevin},
title = {Total Synthesis of the Macrolide Antitumor Antibiotic Lankacidin C},
journal = {J. Am. Chem. Soc.},
volume = {117},
number = {31},
pages = {8258-8270},
year = {1995},
doi = {10.1021/ja00136a025},
}
@article{Auerbach2010,
author = {Auerbach, Tamar and Mermershtain, Inbal and Davidovich, Chen and Bashan, Anat and Belousoff, Matthew and Wekselman, Itai and Zimmerman, Ella and Xiong, Liqun and Klepacki, Dorota and Arakawa, Kenji and Kinashi, Haruyasu and Mankin, Alexander S. and Yonath, Ada}, 
title = {The structure of ribosome-lankacidin complex reveals ribosomal sites for synergistic antibiotics},
volume = {107}, 
number = {5}, 
pages = {1983-1988}, 
year = {2010}, 
doi = {10.1073/pnas.0914100107}, 
journal = {Proc. Natl. Acad. Sci. U.S.A.} 
}
@article{Belousoff2011,
author = {Belousoff, Matthew J. and Shapira, Tal and Bashan, Anat and Zimmerman, Ella and Rozenberg, Haim and Arakawa, Kenji and Kinashi, Haruyasu and Yonath, Ada}, 
title = {Crystal structure of the synergistic antibiotic pair, lankamycin and lankacidin, in complex with the large ribosomal subunit},
volume = {108}, 
number = {7}, 
pages = {2717-2722}, 
year = {2011}, 
doi = {10.1073/pnas.1019406108}, 
journal = {Proc. Natl. Acad. Sci. U.S.A.} 
}
@article{Ayoub2013,
title = "Similarity-based virtual screening for microtubule stabilizers reveals novel antimitotic scaffold ",
journal = "J. Mol. Graph. Model.",
volume = "44",
number = "0",
pages = "188 - 196",
year = "2013",
note = "",
issn = "1093-3263",
author = "Ahmed T. Ayoub and Mariusz Klobukowski and Jack Tuszynski",
}
@article{Kinashi1994,
title = "Isolation and characterization of linear plasmids from lankacidin-producing Streptomyces species.",
journal = "J. Antibiot.",
volume = "47",
number = "12",
pages = "1447 - 1455",
year = "1994",
author = "Haruyasu Kinashi and Euiro Mori and Akira Hatani and Osamu Nimi"
}
@article{Arakawa2005,
title = "Cyclization Mechanism for the Synthesis of Macrocyclic Antibiotic Lankacidin in Streptomyces rochei ",
journal = "Chem. Biol. ",
volume = "12",
number = "2",
pages = "249 - 256",
year = "2005",
note = "",
issn = "1074-5521",
doi = "http://dx.doi.org/10.1016/j.chembiol.2005.01.009",
url = "http://www.sciencedirect.com/science/article/pii/S107455210500030X",
author = "Kenji Arakawa and Fuminori Sugino and Kazuya Kodama and Tatsuya Ishii and Haruyasu Kinashi"
}
@article{McIntosh2009,
title = "Lattice structure of cytoplasmic microtubules in a cultured mammalian cell ",
journal = "J. Mol. Biol. ",
volume = "394",
number = "2",
pages = "177-182",
year = "2009",
issn = "0022-2836",
doi = "http://dx.doi.org/10.1016/j.jmb.2009.09.033",
author = "J. Richard McIntosh and Mary K. Morphew and Paula M. Grissom and Susan P. Gilbert and Andreas Hoenger",
}

@article{Mandelkow1986,
author = {Mandelkow, E. M. and Schultheiss, R. and Rapp, R. and M\"{u}ller, M. and Mandelkow, E.}, 
title = {On the surface lattice of microtubules: helix starts, protofilament number, seam, and handedness.},
volume = {102}, 
number = {3}, 
pages = {1067-1073}, 
year = {1986}, 
doi = {10.1083/jcb.102.3.1067}, 
eprint = {http://jcb.rupress.org/content/102/3/1067.full.pdf+html}, 
journal = {J. Cell. Biol.} 
}
@article{Cohen1975,
author = {Cohen, Carolyn and DeRosier, David and Harrison, Stephen C. and Stephens, Raymond E. and Thomas, Joseph},
title = {X-ray patterns from microtubules},
journal = {Ann. N. Y. Acad. Sci.},
volume = {253},
number = {1},
publisher = {Blackwell Publishing Ltd},
issn = {1749-6632},
doi = {10.1111/j.1749-6632.1975.tb19192.x},
pages = {53--59},
year = {1975},
}
@article{Mandelkow1977,
author = {Mandelkow, Eva-Maria and Mandelkow, Eckhard and Unwin, Nigel and Cohen, Carolyn},
journal = {Nature},
month = feb,
number = {5595},
pages = {655--657},
title = {{Tubulin hoops}},
volume = {265},
year = {1977}
}
@article{WaisSteider1987,
title = "X-ray diffraction patterns from microtubules and neurofilaments in axoplasm ",
journal = "J. Mol. Biol. ",
volume = "197",
number = "2",
pages = "205-218",
year = "1987",
issn = "0022-2836",
doi = "http://dx.doi.org/10.1016/0022-2836(87)90119-7",
author = "C. Wais-Steider and N.S. White and D.S. Gilbert and P.A.M. Eagles"
}

@article{Mandelkow1995,
author = {Mandelkow, E. and Song, Y. H. and Mandelkow, E. M.},
issn = {0962-8924},
journal = {Trends Cell Biol.},
month = jul,
number = {7},
pages = {262-266},
pmid = {14732102},
title = {{The microtubule lattice--dynamic instability of concepts.}},
volume = {5},
year = {1995}
}
@article{Song1993,
author = {Song, Y. H. and Mandelkow, E.}, 
title = {Recombinant kinesin motor domain binds to beta-tubulin and decorates microtubules with a B surface lattice.},
volume = {90}, 
number = {5}, 
pages = {1671-1675}, 
year = {1993}, 
doi = {10.1073/pnas.90.5.1671}, 
eprint = {http://www.pnas.org/content/90/5/1671.full.pdf+html}, 
journal = {Proc. Natl. Acad. Sci. U.S.A.} 
}
@article{Georges2009,
author = {des Georges, Am\'{e}d\'{e}e and Katsuki, Miho and Drummond, Douglas R. and Osei, Michael and Cross, Robert A. and Amos, Linda A.},
doi = {10.1038/nsmb.1482.Mal3},
issn = {1545-9993},
journal = {Nat. Struct. Mol. Biol.},
month = oct,
number = {10},
pages = {1102--1108},
publisher = {Nature Publishing Group},
title = {{Mal3, the Schizosaccharomyces pombe homolog of EB1, changes the microtubule lattice}},
volume = {15},
year = {2008}
}
@article{Vitre2008,
author = {Vitre, Benjamin and Coquelle, Fr\'{e}d\'{e}ric M. and Heichette, Claire and Garnier, Cyrille and Chr\'{e}tien, Denis and Arnal, Isabelle},
issn = {1465-7392},
journal = {Nat. Cell Biol.},
month = apr,
number = {4},
pages = {415--421},
publisher = {Nature Publishing Group},
title = {{EB1 regulates microtubule dynamics and tubulin sheet closure in vitro}},
volume = {10},
year = {2008}
}