%% This BibTeX bibliography file was created using BibDesk.
%% http://bibdesk.sourceforge.net/


%% Created for Dylan Hennessey at 2018-06-26 12:02:56 -0600 


%% Saved with string encoding Unicode (UTF-8) 



@article{MATSUOKA2001218,
	Author = {Osamu Matsuoka and Yoshihiro Watanabe},
	Date-Added = {2018-06-26 18:02:09 +0000},
	Date-Modified = {2018-06-26 18:02:40 +0000},
	Doi = {https://doi.org/10.1016/S0010-4655(01)00198-9},
	Issn = {0010-4655},
	Journal = {Comput. Phys. Commun},
	Keywords = {Atomic, Dirac{\^a}Fock{\^a}Roothaan method, Gaussian-type functions, Average energy of configurations, Relativistic effect},
	Number = {2},
	Pages = {218 - 234},
	Title = {An atomic Dirac-Fock-Roothaan program},
	Url = {http://www.sciencedirect.com/science/article/pii/S0010465501001989},
	Volume = {139},
	Year = {2001},
	Bdsk-Url-1 = {http://www.sciencedirect.com/science/article/pii/S0010465501001989},
	Bdsk-Url-2 = {https://doi.org/10.1016/S0010-4655(01)00198-9}}

@manual{cudaFortran_pgi,
	Date-Added = {2018-06-26 17:53:59 +0000},
	Date-Modified = {2018-06-26 17:57:53 +0000},
	Organization = {PGI},
	Title = {CUDA Fortran Programming Guide and Reference},
	Url = {https://www.pgroup.com/resources/docs/18.5/pdf/pgi18cudaforug.pdf},
	Year = {Version 2018}}

@book{Ruetsch:2013:CFS:2588277,
	Address = {San Francisco, CA, USA},
	Author = {Ruetsch, Gregory and Fatica, Massimiliano},
	Date-Added = {2018-06-26 17:50:42 +0000},
	Date-Modified = {2018-06-26 17:50:42 +0000},
	Edition = {1st},
	Isbn = {0124169708, 9780124169708},
	Publisher = {Morgan Kaufmann Publishers Inc.},
	Title = {CUDA Fortran for Scientists and Engineers: Best Practices for Efficient CUDA Fortran Programming},
	Year = {2013}}

@article{PhysRev.43.491,
	Author = {Anderson, Carl D.},
	Date-Added = {2018-06-26 17:47:03 +0000},
	Date-Modified = {2018-06-26 17:47:03 +0000},
	Doi = {10.1103/PhysRev.43.491},
	Issue = {6},
	Journal = {Phys. Rev.},
	Month = {Mar},
	Numpages = {0},
	Pages = {491--494},
	Publisher = {American Physical Society},
	Title = {The Positive Electron},
	Url = {https://link.aps.org/doi/10.1103/PhysRev.43.491},
	Volume = {43},
	Year = {1933},
	Bdsk-Url-1 = {https://link.aps.org/doi/10.1103/PhysRev.43.491},
	Bdsk-Url-2 = {https://doi.org/10.1103/PhysRev.43.491}}

@article{Dirac610,
	Author = {P. A. M. Dirac},
	Date-Added = {2018-06-26 17:42:56 +0000},
	Date-Modified = {2018-06-26 17:42:56 +0000},
	Doi = {10.1098/rspa.1928.0023},
	Eprint = {http://rspa.royalsocietypublishing.org/content/117/778/610.full.pdf},
	Issn = {0950-1207},
	Journal = {Proc. R. Soc. Lond. A},
	Number = {778},
	Pages = {610--624},
	Publisher = {The Royal Society},
	Title = {The quantum theory of the electron},
	Url = {http://rspa.royalsocietypublishing.org/content/117/778/610},
	Volume = {117},
	Year = {1928},
	Bdsk-Url-1 = {http://rspa.royalsocietypublishing.org/content/117/778/610},
	Bdsk-Url-2 = {https://doi.org/10.1098/rspa.1928.0023}}

@article{Klein1927,
	Abstract = {Nach einer kurzen {\"U}bersicht der Grundbegriffe der Wellenmechanik des Einelektronenproblems in {\textsection} 1. werden in {\textsection} 2 Ausdr{\"u}cke aufgestellt, die als relativistische Verallgemeinerung der von Schr{\"o}dinger gegebenen wellenmechanischen Ausdr{\"u}cke f{\"u}r elektrische Dichte und Stromvektor gelten k{\"o}nnen. Hiervon ausgehend, wird in {\textsection} 3 die korrespondenzm{\"a}{\ss}ige Verwertung der Maxwell-Lorentzschen Theorie f{\"u}r die Quantentheorie diskutiert und in {\textsection} 4 an einigen einfachen Beispielen erl{\"a}utert. In {\textsection} 5 und 6 werden als weitere Beispiele der Betrachtungsweise die Theorie der St{\"o}rungen eines Atoms durch {\"a}u{\ss}ere Kr{\"a}fte und der Comptoneffekt diskutiert. Schlie{\ss}lich werden in {\textsection} 7 einige Bemerkungen zur f{\"u}nfdimensionalen Wellenmechanik mitgeteilt.},
	Author = {Klein, O.},
	Date-Added = {2018-06-26 17:40:17 +0000},
	Date-Modified = {2018-06-26 17:40:17 +0000},
	Day = {01},
	Doi = {10.1007/BF01400205},
	Issn = {0939-7922},
	Journal = {Z. Physik A},
	Month = {Oct},
	Number = {6},
	Pages = {407--442},
	Title = {Elektrodynamik und Wellenmechanik vom Standpunkt des Korrespondenzprinzips},
	Url = {https://doi.org/10.1007/BF01400205},
	Volume = {41},
	Year = {1927},
	Bdsk-Url-1 = {https://doi.org/10.1007/BF01400205}}

@article{Gordon1926,
	Abstract = {Die beim Comptoneffekt ausgestrahlten Frequenzen und Intensit{\"a}ten werden nach der Schr{\"o}dingerschen Theorie berechnet. Die quantentheoretischen Gr{\"o}{\ss}en ergeben sich als geometrische Mittel aus den klassischen Gr{\"o}{\ss}en des Anfangs- und Endzustandes des Prozesses.},
	Author = {Gordon, W.},
	Date-Added = {2018-06-26 17:36:23 +0000},
	Date-Modified = {2018-06-26 17:36:23 +0000},
	Day = {01},
	Doi = {10.1007/BF01390840},
	Issn = {0044-3328},
	Journal = {Z. Physik},
	Month = {Jan},
	Number = {1},
	Pages = {117--133},
	Title = {Der Comptoneffekt nach der Schr{\"o}dingerschen Theorie},
	Url = {https://doi.org/10.1007/BF01390840},
	Volume = {40},
	Year = {1926},
	Bdsk-Url-1 = {https://doi.org/10.1007/BF01390840}}

@book{Piela,
	Address = {Amsterdam},
	Author = {Piela, Lucjan},
	Date-Added = {2018-06-26 17:27:05 +0000},
	Date-Modified = {2018-06-26 17:27:36 +0000},
	Publisher = {Elsevier},
	Title = {Ideas of Quantum Chemistry},
	Year = {2007}}

@article{Michelson,
	Author = {Michelson, A. A. and Morley, E. W.},
	Date-Added = {2018-06-26 17:23:49 +0000},
	Date-Modified = {2018-06-26 17:25:34 +0000},
	Journal = {Am. J. Sci},
	Pages = {333},
	Title = {On the Relative Motion of the Earth and of the Luminiferous Ether},
	Volume = {34},
	Year = {1887}}

@article{Hall541,
	Abstract = {An analysis of the {\textquoteleft}linear combination of atomic orbitals{\textquoteright} approximation using the accurate molecular orbital equations shows that it does not lead to equations of the form usually assumed in the semi-empirical molecular orbital method. A new semi-empirical method is proposed, therefore, in terms of equivalent orbitals. The equations obtained, which do have the usual form, are applicable to a large class of molecules and do not involve the approximations that were thought necessary. In this method the ionization potentials are calculated by treating certain integrals as semi-empirical parameters. The value of these parameters is discussed in terms of the localization of equivalent orbitals and some approximate rules are suggested. As an illustration the ionization potentials of the paraffin series are considered and good agreement between the observed and calculated values is found.},
	Author = {G. G. Hall},
	Date-Added = {2018-06-26 17:18:05 +0000},
	Date-Modified = {2018-06-26 17:18:14 +0000},
	Doi = {10.1098/rspa.1951.0048},
	Eprint = {http://rspa.royalsocietypublishing.org/content/205/1083/541.full.pdf},
	Issn = {0080-4630},
	Journal = {Proc. R. Soc. Lond. A},
	Number = {1083},
	Pages = {541--552},
	Publisher = {The Royal Society},
	Title = {The molecular orbital theory of chemical valency VIII. A method of calculating ionization potentials},
	Url = {http://rspa.royalsocietypublishing.org/content/205/1083/541},
	Volume = {205},
	Year = {1951},
	Bdsk-Url-1 = {http://rspa.royalsocietypublishing.org/content/205/1083/541},
	Bdsk-Url-2 = {https://doi.org/10.1098/rspa.1951.0048}}

@article{RHF,
	Author = {Roothaan, C. C. J.},
	Date-Added = {2018-06-26 17:15:50 +0000},
	Date-Modified = {2018-06-26 17:15:50 +0000},
	Issue = {2},
	Journal = {Rev. Mod. Phys.},
	Month = {Apr},
	Numpages = {0},
	Pages = {69--89},
	Publisher = {American Physical Society},
	Title = {New Developments in Molecular Orbital Theory},
	Volume = {23},
	Year = {1951}}

@article{Boys542,
	Abstract = {This communication deals with the general theory of obtaining numerical electronic wave functions for the stationary states of atoms and molecules. It is shown that by taking Gaussian functions, and functions derived from these by differentiation with respect to the parameters, complete systems of functions can be constructed appropriate to any molecular problem, and that all the necessary integrals can be explicitly evaluated. These can be used in connexion with the molecular orbital method, or localized bond method, or the general method of treating linear combinations of many Slater determinants by the variational procedure. This general method of obtaining a sequence of solutions converging to the accurate solution is examined. It is shown that the only obstacle to the evaluation of wave functions of any required degree of accuracy is the labour of computation. A modification of the general method applicable to atoms is discussed and considered to be extremely practicable.},
	Author = {S. F. Boys},
	Date-Added = {2018-06-26 17:11:50 +0000},
	Date-Modified = {2018-06-26 17:13:01 +0000},
	Doi = {10.1098/rspa.1950.0036},
	Eprint = {http://rspa.royalsocietypublishing.org/content/200/1063/542.full.pdf},
	Issn = {0080-4630},
	Journal = {Proc. R. Soc. Lond. A},
	Number = {1063},
	Pages = {542--554},
	Publisher = {The Royal Society},
	Title = {Electronic wave functions - I. A general method of calculation for the stationary states of any molecular system},
	Url = {http://rspa.royalsocietypublishing.org/content/200/1063/542},
	Volume = {200},
	Year = {1950},
	Bdsk-Url-1 = {http://rspa.royalsocietypublishing.org/content/200/1063/542},
	Bdsk-Url-2 = {https://doi.org/10.1098/rspa.1950.0036}}

@article{PhysRev.36.57,
	Author = {Slater, J. C.},
	Date-Added = {2018-06-26 17:10:20 +0000},
	Date-Modified = {2018-06-26 17:10:20 +0000},
	Doi = {10.1103/PhysRev.36.57},
	Issue = {1},
	Journal = {Phys. Rev.},
	Month = {Jul},
	Numpages = {0},
	Pages = {57--64},
	Publisher = {American Physical Society},
	Title = {Atomic Shielding Constants},
	Url = {https://link.aps.org/doi/10.1103/PhysRev.36.57},
	Volume = {36},
	Year = {1930},
	Bdsk-Url-1 = {https://link.aps.org/doi/10.1103/PhysRev.36.57},
	Bdsk-Url-2 = {https://doi.org/10.1103/PhysRev.36.57}}

@book{Ostlund,
	Address = {Mineola, N.Y},
	Author = {Szabo, Attila and Neil S Ostlund},
	Date-Added = {2018-06-26 17:05:50 +0000},
	Date-Modified = {2018-06-26 17:07:24 +0000},
	Publisher = {Dover Publications},
	Title = {Modern Quantum Chemistry : Introduction to Advanced Electronic Structure Theory.},
	Year = {1996}}

@article{Pauli1925,
	Author = {Pauli, W.},
	Date-Added = {2018-06-26 17:02:53 +0000},
	Date-Modified = {2018-06-26 17:02:53 +0000},
	Day = {01},
	Doi = {10.1007/BF02980631},
	Issn = {0044-3328},
	Journal = {Z. Physik},
	Month = {Feb},
	Number = {1},
	Pages = {765--783},
	Title = {{\"U}ber den Zusammenhang des Abschlusses der Elektronengruppen im Atom mit der Komplexstruktur der Spektren},
	Url = {https://doi.org/10.1007/BF02980631},
	Volume = {31},
	Year = {1925},
	Bdsk-Url-1 = {https://doi.org/10.1007/BF02980631}}

@article{Gerlach1922,
	Author = {Gerlach, Walther and Stern, Otto},
	Date-Added = {2018-06-26 16:59:54 +0000},
	Date-Modified = {2018-06-26 17:01:01 +0000},
	Day = {01},
	Doi = {10.1007/BF01326983},
	Issn = {0044-3328},
	Journal = {Z. Physik},
	Month = {Dec},
	Number = {1},
	Pages = {349--352},
	Title = {Der experimentelle Nachweis der Richtungsquantelung im Magnetfeld},
	Url = {https://doi.org/10.1007/BF01326983},
	Volume = {9},
	Year = {1922},
	Bdsk-Url-1 = {https://doi.org/10.1007/BF01326983}}

@article{PhysRev.34.1293,
	Author = {Slater, J. C.},
	Date-Added = {2018-06-26 16:53:53 +0000},
	Date-Modified = {2018-06-26 16:53:53 +0000},
	Doi = {10.1103/PhysRev.34.1293},
	Issue = {10},
	Journal = {Phys. Rev.},
	Month = {Nov},
	Numpages = {0},
	Pages = {1293--1322},
	Publisher = {American Physical Society},
	Title = {The Theory of Complex Spectra},
	Url = {https://link.aps.org/doi/10.1103/PhysRev.34.1293},
	Volume = {34},
	Year = {1929},
	Bdsk-Url-1 = {https://link.aps.org/doi/10.1103/PhysRev.34.1293},
	Bdsk-Url-2 = {https://doi.org/10.1103/PhysRev.34.1293}}

@book{fourier1822thorie,
	Author = {Fourier, J.B.J.},
	Date-Added = {2018-06-26 16:52:18 +0000},
	Date-Modified = {2018-06-26 16:52:47 +0000},
	Publisher = {Chez Firmin Didot, p{\`e}re et fils},
	Title = {Th{\'e}orie analytique de la chaleur},
	Year = {1822}}

@article{harmonium,
	Author = {Kais,S. and Herschbach,D. R. and Handy,N. C. and Murray,C. W. and Laming,G. J.},
	Date-Added = {2018-06-26 16:47:20 +0000},
	Date-Modified = {2018-06-26 16:47:32 +0000},
	Doi = {10.1063/1.465765},
	Eprint = {https://doi.org/10.1063/1.465765},
	Journal = {J. Chem. Phys.},
	Number = {1},
	Pages = {417-425},
	Title = {Density functionals and dimensional renormalization for an exactly solvable model},
	Url = {https://doi.org/10.1063/1.465765},
	Volume = {99},
	Year = {1993},
	Bdsk-Url-1 = {https://doi.org/10.1063/1.465765}}

@book{Griffiths2,
	Address = {Upper Saddle River, NJ},
	Author = {Griffiths, David J},
	Date-Added = {2018-06-26 16:42:16 +0000},
	Date-Modified = {2018-06-26 16:43:51 +0000},
	Edition = {2nd},
	Publisher = {Pearson Prentice Hall},
	Title = {Introduction to Quantum Mechanics},
	Year = {2005}}

@article{1927AnP...389..457B,
	Adsnote = {Provided by the SAO/NASA Astrophysics Data System},
	Adsurl = {http://adsabs.harvard.edu/abs/1927AnP...389..457B},
	Author = {{Born}, M. and {Oppenheimer}, R.},
	Date-Added = {2018-06-26 16:39:02 +0000},
	Date-Modified = {2018-06-26 16:39:30 +0000},
	Doi = {10.1002/andp.19273892002},
	Journal = {Ann. Physik},
	Pages = {457-484},
	Title = {{Zur Quantentheorie der Molekeln}},
	Volume = 389,
	Year = 1927,
	Bdsk-Url-1 = {https://doi.org/10.1002/andp.19273892002}}

@article{1926PhRv...28.1049S,
	Adsnote = {Provided by the SAO/NASA Astrophysics Data System},
	Adsurl = {http://adsabs.harvard.edu/abs/1926PhRv...28.1049S},
	Author = {{Schr{\"o}dinger}, E.},
	Date-Added = {2018-06-26 16:36:14 +0000},
	Date-Modified = {2018-06-26 16:36:26 +0000},
	Doi = {10.1103/PhysRev.28.1049},
	Journal = {Phys Rev},
	Month = dec,
	Pages = {1049-1070},
	Title = {{An Undulatory Theory of the Mechanics of Atoms and Molecules}},
	Volume = 28,
	Year = 1926,
	Bdsk-Url-1 = {https://doi.org/10.1103/PhysRev.28.1049}}

@article{1985ADNDT..33..405J,
	Adsnote = {Provided by the SAO/NASA Astrophysics Data System},
	Adsurl = {http://adsabs.harvard.edu/abs/1985ADNDT..33..405J},
	Author = {{Johnson}, W.~R. and {Soff}, G.},
	Date-Added = {2018-06-26 16:25:16 +0000},
	Date-Modified = {2018-06-26 16:27:51 +0000},
	Doi = {10.1016/0092-640X(85)90010-5},
	Journal = {Atom. Data Nucl. Data Tabl.},
	Pages = {405},
	Title = {{The Lamb Shift in Hydrogen-like Atoms, 1 $\leq$ Z $\leq$ 110}},
	Volume = 33,
	Year = 1985,
	Bdsk-Url-1 = {https://doi.org/10.1016/0092-640X(85)90010-5}}

@article{VISSCHER1997207,
	Author = {L. Visscher and K.G. Dyall},
	Date-Added = {2018-06-26 16:22:53 +0000},
	Date-Modified = {2018-06-26 16:22:53 +0000},
	Doi = {https://doi.org/10.1006/adnd.1997.0751},
	Issn = {0092-640X},
	Journal = {Atom. Data Nucl. Data Tabl.},
	Number = {2},
	Pages = {207 - 224},
	Title = {Dirac-Fock atomic electronic structure calculations using different nuclear charge distributions},
	Url = {http://www.sciencedirect.com/science/article/pii/S0092640X97907518},
	Volume = {67},
	Year = {1997},
	Bdsk-Url-1 = {http://www.sciencedirect.com/science/article/pii/S0092640X97907518},
	Bdsk-Url-2 = {https://doi.org/10.1006/adnd.1997.0751}}

@article{Norrby1991,
	Author = {Norrby, Lars J.},
	Date-Added = {2018-06-26 14:46:11 +0000},
	Date-Modified = {2018-06-26 14:46:35 +0000},
	Doi = {10.1021/ed068p110},
	Eprint = {https://doi.org/10.1021/ed068p110},
	Journal = {J. Chem. Educ.},
	Number = {2},
	Pages = {110},
	Title = {Why is mercury liquid? Or, why do relativistic effects not get into chemistry textbooks?},
	Url = {https://doi.org/10.1021/ed068p110},
	Volume = {68},
	Year = {1991},
	Bdsk-Url-1 = {https://doi.org/10.1021/ed068p110}}

@article{Bartlett1998,
	Abstract = {In atoms of high nuclear charge (Z), as a consequence of a relativistic effect, the s electrons of an atom become more bound and their orbitals smaller than if this effect were absent. Simultaneously, the d (and f ) electrons are less bound because of this effect, which scales roughly as Z2. Gold exhibits a large relativistic effect. This accounts for gold being more resistant to oxidation than silver. It also accounts for higher oxidation states being more accessible in gold than in silver. These effects are illustrated by some fluorine chemistry of gold and silver.},
	Author = {Bartlett, Neil},
	Date-Added = {2018-06-26 14:23:11 +0000},
	Date-Modified = {2018-06-26 14:25:47 +0000},
	Day = {01},
	Doi = {10.1007/BF03215471},
	Issn = {2190-7579},
	Journal = {Gold Bull},
	Month = {Mar},
	Number = {1},
	Pages = {22--25},
	Title = {Relativistic effects and the chemistry of gold},
	Url = {https://doi.org/10.1007/BF03215471},
	Volume = {31},
	Year = {1998},
	Bdsk-Url-1 = {https://doi.org/10.1007/BF03215471}}
